2800 4368
1117 281 1426 345 ....47..⁶

375 442 639 512 tempore
656 477 671 504 ,
711 427 923 489 sensim
961 426 1019 487 in
1055 427 1332 487 leniorem
1361 424 1619 486 habitum
1650 425 1981 486 conversam
2011 445 2153 489 esse.

376 543 572 616 Quum
611 540 766 602 enim
802 557 950 614 non,
989 537 1470 618 quemadmodum
1509 537 1725 617 Spartae
1745 585 1760 612 ,
1806 536 1881 597 ita
1919 537 2157 617 Megarae

347 714 350 715 a
379 653 702 735 respublica
723 650 1083 714 validissimis
1106 650 1216 710 illis
1239 648 1482 729 Lycurgi
1502 648 1742 710 vinculis
1764 658 1818 710 et
1841 650 2022 710 forma
2041 650 2158 710 im-

335 751 340 755 ¹
377 765 579 827 'mobili
614 764 834 825 inclusa
870 771 1052 837 esset,
1091 781 1157 822 ac
1187 769 1459 841 praeterea
1490 761 1756 841 populuS‚
1790 762 2036 840 expulsis
2062 772 2161 838 aut

379 876 725 959 compressis
749 874 1060 949 nobilibuS‚
1093 861 1271 934 bisin
1295 872 1614 932 libertatem
1635 873 1965 953 erupisset¹‚
2005 876 2154 935 veri-

378 991 565 1053 simile
597 997 683 1050 est
714 988 1078 1067 antiquorum
1106 968 1494 1045 institutorum
1523 983 1794 1045 saevitiam
1820 986 1979 1046 novis
2012 988 2155 1066 legi-

377 1107 485 1167 bus
507 1110 882 1184 temperatam
907 1101 1079 1161 fuisse
1107 1107 1163 1159 et
1182 1097 1517 1177 mitigatam.
1544 1097 1740 1178 Neque
1762 1099 1922 1160 aliter
1944 1100 2154 1160 intelli-

375 1226 603 1299 geretur
637 1218 763 1295 qui,
803 1213 1074 1293 regressis
1103 1213 1162 1271 in
1195 1221 1528 1292 potestatem
1557 1212 1954 1294 optimatibuS‚
2004 1215 2156 1276 solus

374 1339 563 1391 terror
588 1326 808 1389 tamdiu
838 1345 929 1386 res
952 1324 1283 1404 tranquillas
1307 1333 1382 1399 et,
1417 1325 1600 1404 quoad
1623 1344 1725 1404 per
1750 1326 1986 1387 Graeciae
2015 1327 2157 1388 uni-

372 1459 549 1503 versae
564 1441 673 1500 fata
687 1438 870 1513 licuit,
892 1456 1192 1518 prosperas
1212 1456 1431 1497 servare
1451 1436 1733 1498 valuisset.
1762 1438 1890 1497 Non
1906 1439 2154 1518 profecto

374 1553 806 1619 ostracismum,
867 1570 1038 1630 quem
1099 1551 1339 1629 Megarae
1379 1558 1716 1629 usurpatum
1761 1551 2079 1631 reperimus
2106 1552 2148 1628 ²,

374 1667 736 1729 democratiae
766 1665 940 1727 fuisse
969 1665 1331 1744 superstitem
1359 1664 1766 1725 arbitrabimur
1795 1686 1805 1724 ε
1837 1667 1938 1726 'sed
1967 1666 2068 1726 alia
2095 1667 2153 1726 in

370 1797 565 1840 mores
608 1776 792 1857 gentis
833 1774 1164 1836 transmissa
1209 1777 1462 1850 haesere,
1508 1795 1691 1855 neque
1732 1777 2042 1838 absurdum
2071 1789 2155 1840 est

369 1889 621 1972 opinari,
666 1896 967 1968 postquam
1004 1887 1248 1947 Perioeci
1275 1887 1335 1946 in
1364 1887 1647 1948 civitatem
1691 1897 1746 1949 et
1777 1888 1835 1948 in
1873 1882 2153 1951 nobilium

292 2029 302 2032 ‘
369 1983 654 2064 connubia
682 2020 785 2081 per
813 2001 1005 2080 plures
1026 2017 1206 2060 annos
1227 2000 1460 2061 admissi
1492 2000 1755 2076 fuissent,
1788 2003 1909 2082 jam
1930 2003 2152 2064 minore

366 2114 663 2199 intervallo
685 2112 1107 2192 Megarensium
1138 2113 1343 2174 classes
1370 2113 1516 2173 inter
1552 2134 1611 2175 se
1644 2114 1814 2176 fuisse
1843 2125 2146 2197 separatas.

366 2225 493 2296 Quo
516 2242 821 2306 progressu
838 2271 852 2298 ,
885 2223 1159 2302 quibusve
1187 2225 1542 2304 temporibus
1573 2226 1792 2306 singula
1814 2237 1910 2288 aut
1933 2229 2147 2290 consti-

428 2460 443 2486 ¹
480 2455 583 2514 Qua
608 2457 686 2505 vel
717 2463 918 2505 centum
951 2468 1108 2505 annos
1131 2455 1364 2505 continua
1382 2493 1394 2516 ,
1424 2471 1540 2507 usus
1565 2466 1711 2508 esset.
1736 2457 2029 2523 Quanquam
2053 2460 2149 2510 dif-

363 2544 494 2594 ficile
515 2543 710 2594 creditu
733 2551 826 2603 est,
853 2550 903 2592 et
925 2542 1135 2602 tamdiu,
1163 2543 1351 2593 scilicet
1360 2544 1422 2593 ab
1435 2543 1510 2593 Ol.
1538 2546 1602 2594 44
1620 2546 1683 2595 ad
1699 2545 1774 2595 01.
1792 2548 1873 2606 72,
1891 2548 2148 2599 democra-

362 2631 482 2681 tiam
497 2630 714 2696 viguisse
734 2644 848 2693 quae
866 2644 985 2679 mox
1009 2629 1060 2678 in
1078 2630 1524 2694 petulantissimam
1543 2633 1791 2682 licentiam
1819 2634 2147 2699 degenerasse

361 2716 596 2775 traditur,
626 2724 674 2765 et
699 2724 813 2779 post
849 2722 1043 2764 tantum
1068 2714 1282 2778 spatium
1315 2716 1510 2766 nobiles
1549 2720 1907 2782 recuperandae
1931 2735 2021 2783 per
2045 2721 2144 2770 vim

361 2803 682 2855 dominationi
696 2803 845 2853 etiam
858 2816 1005 2867 pares
1017 2801 1184 2853 fuisse.
1206 2802 1377 2867 Itaque
1390 2805 1605 2855 libenter
1622 2806 1925 2867 admiserim,
1942 2809 1992 2857 in
2006 2817 2145 2858 tanto

269 2929 270 2932 η
363 2889 625 2945 intervallo
659 2890 770 2941 aliis
791 2890 1011 2940 motibus
1034 2889 1284 2956 Megaram
1323 2892 1651 2944 disturbatam
1678 2893 1855 2955 fuisse3
1882 2896 2146 2959 optimates

363 2985 608 3043 potestate
628 2993 800 3030 rursus
822 2977 1007 3042 potitos
1043 2977 1195 3028 fuisse
1218 2992 1276 3028 ac
1321 2979 1558 3042 privatos.
1605 2981 1711 3033 Huc
1733 2981 1836 3033 fere
1859 2983 1989 3033 redit
2011 2985 2145 3048 quod

362 3065 613 3116 Welcker.
639 3081 667 3116 e
696 3066 1002 3132 Theognidis
1025 3079 1171 3116 versu
1182 3066 1323 3115 755*
1348 3067 1581 3130 conjicit,
1593 3070 1824 3119 alterum
1849 3079 1962 3163 post
1988 3071 2144 3122 Thea-

363 3166 543 3219 genem
575 3162 838 3218 tyrannum
861 3153 1128 3204 exstitisse.
1157 3152 1280 3203 Silet
1301 3153 1527 3203 historia.

427 3245 447 3270 ²
479 3241 1047 3307 Schol.Aristoph.Eq.
1078 3241 1606 3293 851.Phavorinus1n
1630 3248 1900 3313 ὀστρακίνδα.

934 3393 954 3412 *
991 3395 1056 3441 Ku
1066 3394 1258 3456 δερνὴτην
1283 3397 1352 3459 μὲν
1376 3393 1558 3442 ἔπαυσαν

806 3476 812 3483 ’
874 3485 1011 3531 ἐσθλόν
1025 3515 1177 3529 .....
