2800 4368
1382 349 1460 357 ..-.
1503 313 1580 371 96
1623 346 1700 356 ,-

639 480 800 522 verso
832 457 1069 520 civitatis
1093 464 1258 529 statU,
1302 474 1359 515 se
1382 455 1503 534 jam
1531 474 1562 514 a
1594 452 1951 533 principibus
1982 452 2316 517 abstinuerit
2338 477 2424 532 ae,

639 573 858 633 sublato
870 571 1010 647 jure
1039 566 1312 638 nocendi,
1346 586 1376 626 e
1400 564 1646 645 publicis
1677 564 1847 625 rebus
1876 566 1945 626 ad
1969 565 2213 645 privatos
2241 587 2431 630 mores
2511 554 2513 558 ¹

641 705 761 747 sese
810 680 1192 753 transtulerit,
1234 678 1405 739 vitam
1452 678 1741 756 vulgarem
1793 677 2029 739 imitata.
2070 679 2199 739 Non
2242 691 2431 742 autem

639 798 818 858 multo
874 794 1197 875 politiorem
1254 794 1498 853 formam
1563 791 1816 851 induisse
1877 812 2129 870 unquam
2187 793 2426 870 videtur,

639 928 823 989 neque
882 908 1062 968 multo
1099 906 1454 967 subtiliorem
1483 915 1664 966 artem
1699 904 1759 962 in
1806 905 1991 964 fabula
2033 905 2147 965 sive
2190 924 2429 987 compo-

638 1024 856 1096 nenda,
899 1021 1014 1082 sive
1049 1019 1235 1099 verbis
1275 1019 1607 1099 exponenda
1643 1018 1946 1078 adscivisse
1988 1039 1999 1076 :
2049 1022 2144 1097 qui
2172 1019 2236 1079 fit
2278 1020 2432 1080 enim

636 1144 699 1194 ut
744 1135 897 1195 nulla
932 1154 1184 1213 unquam
1221 1133 1392 1193 ullius
1437 1131 1730 1211 scriptoris
1777 1130 2190 1191 comoediarum
2236 1133 2428 1210 Mega-

637 1250 850 1311 rensis¹
893 1249 1109 1309 mentio
1144 1250 1295 1327 apud
1328 1256 1545 1307 veteres
1579 1249 1722 1308 facta
1756 1247 1966 1307 fuerit?

716 1366 846 1427 Ideo
870 1384 986 1425 non
1013 1384 1249 1444 prorsus
1272 1364 1562 1425 immerito
1584 1364 1929 1443 Megaricam
1955 1363 2297 1423 comoediam
2313 1371 2431 1422 tam

636 1479 843 1539 acriter
882 1478 1297 1539 lacessiverunt
1339 1478 1752 1552 AthenienseS,
1783 1486 1963 1556 quum
1994 1477 2103 1556 ipsi
2128 1478 2198 1537 ab
2229 1477 2432 1537 iisdem

636 1592 935 1672 principiis
973 1612 1032 1652 se
1066 1592 1135 1651 ad
1165 1591 1528 1672 splendidum
1559 1591 1699 1651 illud
1728 1590 1867 1652 artis
1896 1591 2070 1650 decus
2097 1589 2428 1650 evexissent.

637 1706 799 1786 Saepe
828 1705 983 1765 illam
1018 1714 1081 1765 ut
1107 1704 1472 1779 inurbanam,
1513 1713 1579 1764 ut
1612 1703 1816 1782 frigida
1853 1704 2178 1782 insulsaque
2210 1703 2432 1763 cavilla-

635 1819 789 1879 tione
821 1818 1107 1892 odiosam,
1141 1827 1204 1878 ut
1250 1818 1370 1878 risu
1409 1817 1721 1877 immodico
1771 1826 2052 1896 agrestem
2089 1815 2429 1895 exagitant2.

636 1932 747 1993 Ubi
781 1941 972 1991 tamen
1001 1930 1263 2010 quaedam
1286 1929 1783 1990 animadvertenda
1803 1937 1955 1989 sunt.
1985 1929 2114 1988 Non
2138 1937 2219 1989 tot
2248 1929 2428 1990 male-
2508 1949 2509 1954 ¹

635 2043 783 2105 dicta
810 2044 1187 2117 effunderent,
1223 2042 1334 2102 nisi
1364 2043 1625 2121 quaedam
1656 2042 1913 2102 subesset
1940 2041 2206 2102 adversus
2235 2042 2429 2120 Mega·
2498 2062 2504 2081 ·

636 2179 828 2220 renses
871 2158 1109 2233 invidia,
1163 2166 1218 2217 et
1252 2157 1440 2237 primo
1488 2156 1668 2236 ipsius
1718 2154 2012 2215 comoediae
2055 2154 2425 2229 inventoreS,

637 2292 818 2352 neque
864 2272 938 2332 ita
979 2273 1188 2344 forsan,
1238 2269 1341 2329 etsi
1371 2269 1522 2328 haud
1565 2251 1736 2328 dubie
1788 2266 2234 2327 Atheniensibus
2281 2266 2430 2326 infe-

700 2514 715 2539 ἱ
752 2510 822 2558 Ne
845 2507 956 2571 quis
989 2506 1305 2570 Megarenses
1344 2512 1566 2567 opponat
1605 2500 1862 2568 Tolynum,
1902 2501 2229 2565 Ecphantidis
2262 2517 2434 2567 aequa-

637 2600 763 2654 lem,
807 2595 891 2660 qui
938 2593 1023 2643 ubi
1064 2591 1259 2663 fabulas
1305 2589 1561 2648 docuerit,
1606 2588 1812 2637 minime
1861 2597 2176 2651 compertum
2227 2598 2331 2650 est;
2380 2597 2430 2639 et

636 2683 980 2740 Phoenicidem,
1009 2681 1094 2744 qui
1125 2693 1239 2729 suas
1277 2677 1549 2727 comoedias
1587 2677 1793 2725 Athenis
1827 2677 1877 2724 in
1912 2690 2111 2727 scenam
2136 2677 2393 2741 produxit.

702 2781 719 2805 ⁹·
756 2775 869 2826 Vid.
886 2785 1055 2836 supra,
1076 2785 1127 2833 p.
1146 2770 1227 2827 77,
1245 2783 1296 2818 n.
1311 2770 1358 2815 1.
1382 2766 1633 2829 Aristoph.
1654 2765 1836 2828 Myrtil.
1851 2766 2098 2815 Praeterea
2110 2766 2289 2828 Eupol.
2311 2777 2428 2832 Προ-

635 2871 848 2919 σπαλτίοις
871 2882 883 2909 :
926 2882 943 2906 «
968 2867 1025 2909 Τὸ
1048 2862 1206 2924 σκῶμμ’
1227 2862 1395 2922 ἀσελγὲς
1422 2863 1490 2905 καὶ
1522 2861 1752 2921 Μεγαρικὸν
1777 2856 1950 2921 σφόδρα.
1980 2875 1996 2900 »
2032 2854 2121 2918 Ap.
2163 2854 2425 2905 Scholiast-

637 2954 893 3017 Aristoph.
925 2952 1073 3013 Vesp.
1103 2949 1186 2996 57.

701 3040 993 3106 Ecphantid.
1022 3036 1154 3100 apud
1184 3035 1353 3097 Aspas.
1384 3034 1443 3082 ad
1471 3032 1675 3082 Aristot.
1704 3033 1817 3081 Eth.
1842 3032 2036 3081 Nicom.
2066 3026 2238 3091 1V‚'2:

1687 3153 1920 3209 Μεγαρικῆς

1173 3239 1382 3304 κωμῳδίας
1406 3237 1503 3301 ᾆσμ’
1523 3242 1570 3284 οὐ
1594 3237 1732 3301 δίειμί.
1763 3227 2016 3299 ῌσχυνόμην

1163 3335 1218 3377 τὸ
1243 3330 1380 3393 δρᾶμα
1404 3333 1640 3392 Μεγαρικὸν
1667 3335 1812 3375 ποιεῖν.

701 3451 911 3515 Hesych.
938 3461 977 3496 s.
1006 3461 1053 3494 v.
1092 3447 1251 3508 γέλωςε
1280 3459 1297 3484 «
1319 3443 1478 3505 ἤκμασε
1510 3446 1593 3504 ,γάρ
1631 3446 1655 3493 ἡ
1690 3445 1905 3506 Μεγαρικὴ
1940 3438 2128 3505 κωμῳδία
2164 3441 2306 3501 ἀώρως
2326 3466 2337 3487 ,
2384 3436 2439 3486 ἢν,

638 3543 825 3601 Ᾰθηναῖοι
849 3542 1188 3605 καταμωκώμενοι
1213 3536 1376 3597 ἐγέλων.
1407 3550 1424 3575 »
