2800 4368
1119 343 1436 402 „93-

226 543 237 566 ,,
312 461 313 464 ¹
354 498 501 559 fflos,
534 501 600 544 ac
627 482 1040 562 praesertimin
1078 483 1294 551 Dorum
1329 483 1684 553 civitatibus,
1725 484 1941 546 diversa
1983 486 2151 566 hujus

333 662 335 665 ¹
364 579 606 674 ¹{generis
619 602 826 663 tentata
842 594 1047 669 fuisse3
1073 615 1197 674 quae
1214 644 1228 669 ,
1254 605 1318 655 ut
1337 596 1642 656 Dicelistas
1664 606 1956 676 spartanos
1970 598 2154 658 solum

172 758 207 786 ,ὰ
382 727 768 770 memoremus
788 757 801 782 ,
853 709 928 769 ita
978 710 1285 790 simplicia¹
1342 720 1765 785 remanserunt,
1825 721 1888 771 ut
1938 712 1998 770 in
2046 711 2156 771 illis

381 818 628 898 antiquae
675 819 910 898 originis
939 821 1148 882 indicia
1183 841 1407 901 semper
1443 822 2016 901 deprehenderentur.
2055 823 2154 883 Li-

376 931 585 992 benter
610 932 782 992 etiam
804 952 870 993 ex
898 932 1251 1012 quibusdam*
1267 933 1583 994 Aristotelis
1605 935 1820 994 verbis²
1849 935 2155 996 credideri-

375 1063 538 1119 -muS,
567 1044 624 1104 id
648 1045 958 1124 antiquitus
981 1045 1250 1106 usitatum
1273 1045 1465 1118 fuisse,
1485 1054 1549 1105 ut
1569 1044 1715 1105 inter
1735 1046 2008 1107 Phallica
2023 1067 2154 1107 car-

382 1158 543 1217 mina
577 1158 800 1238 pompis
842 1157 1137 1217 Bacchicis
1185 1157 1474 1231 admista⁵,
1535 1157 1794 1236 quaedam
1841 1160 2159 1237 petulanter

381 1288 458 1330 >ex
479 1278 736 1349 tempore
756 1268 902 1330 dicta
926 1277 1114 1329 actave
1143 1268 1544 1330 intexerentur.

413 1448 417 1451 .
448 1381 603 1450 ,Quae
644 1389 834 1441 autem
869 1390 933 1440 ut
972 1381 1042 1440 ad
1079 1381 1373 1441 comoediae
1407 1381 1689 1459 originem
1732 1382 2047 1460 pertinent,
2087 1382 2159 1442 ita

358 1492 640 1555 ..nondum
671 1501 804 1556 sunt
834 1512 963 1564 vere
985 1493 1107 1572 ipsa
1135 1494 1259 1553 haec
1288 1493 1483 1571 orig03
1514 1493 1724 1552 etenim
1755 1493 1842 1552 vix
1863 1493 2122 1554 inchoata
2140 1543 2154 1569 ,

381 1605 640 1665 nondum
672 1608 823 1665 certa
853 1605 986 1665 satis
1016 1614 1069 1665 et
1093 1605 1325 1685 propria
1350 1604 1540 1685 specie
1561 1604 1732 1683 potita
1762 1615 1911 1665 sunt.
1947 1606 2159 1665 Verum

384 1718 626 1797 Megarae
642 1766 656 1792 ,
682 1736 795 1796 quo
816 1726 1074 1796 tempore
1097 1718 1342 1796 populus
1359 1765 1373 1790 ,
1407 1716 1637 1795 expulso
1669 1694 1965 1794 Theagene
1989 1717 2155 1796 (circ.

383 1829 471 1903 Ol.
505 1828 642 1909 44),
682 1804 1000 1889 libertatem
1035 1830 1280 1888 meram⁴
1316 1828 1520 1902 ebibit,
1554 1828 1772 1889 ludicra
1813 1829 1905 1889 ina
1933 1849 2058 1908 quae
2083 1830 2161 1890 ihi

379 1949 453 2003 ut*
471 1939 596 2002 aliis
624 1940 685 2000 in
713 1940 853 2001 locis
885 1940 1338 2015 celebrabantur,
1380 1943 1603 2002 novam*
1619 1961 1685 2001 ac
1715 1941 1872 2002 novis
1906 1941 2162 2002 moribus

373 2049 874 2124 ‘accommodatam
916 2053 1159 2114 formam
1197 2053 1455 2114 induere.
1495 2055 1614 2114 Nec
1642 2055 1762 2133 jam
1795 2054 1964 2114 modo
2001 2073 2159 2133 quae-

369 2170 513 2247 dam
557 2169 901 2233 imitationes
934 2170 1172 2230 fuerunt
1200 2219 1213 2244 ,
1254 2180 1351 2231 aut
1394 2179 1598 2245 mutae,
1631 2180 1727 2230 aut
1761 2171 1831 2230 ad
1864 2169 2163 2230 familiares

379 2282 506 2344 vitae
534 2282 765 2364 privatae
793 2303 933 2344 usus
959 2291 1188 2344 tantum
1213 2293 1529 2363 spectantes
1552 2307 1565 2358 3
1601 2285 1697 2344 sed
1717 2283 1785 2344 iis
1807 2293 2166 2344 accesserunt

382 2404 441 2456 et
463 2396 655 2456 forma
685 2394 941 2469 liberior,
985 2404 1040 2455 et
1062 2414 1329 2456 concessa
1362 2397 1420 2455 in
1450 2395 1738 2475 principes
1767 2394 2004 2455 civitatis
2026 2414 2160 2474 pro-

381 2507 482 2568 bra
509 2487 904 2586 conviciaque,
952 2507 1160 2587 quibus
1199 2508 1381 2586 longae
1438 2506 1723 2568 servitutis
1760 2525 1955 2585 poenas
2005 2506 2164 2585 plebs

381 2619 670 2700 exigebat3
716 2639 822 2680 nec
858 2620 979 2700 jam
1009 2619 1156 2680 inter
1198 2619 1513 2681 Bacchicos
1556 2629 1755 2680 cantus
1796 2619 1885 2677 vix
1923 2618 2164 2679 admissa

382 2725 544 2809 sunt,
593 2734 691 2795 sed
741 2733 1019 2822 majorem
1068 2733 1555 2812 insignioremque
1604 2734 1796 2793 locum
1846 2731 2159 2792 obtinuere.

381 2851 597 2914 Exinde
622 2851 807 2912 solum
838 2850 1118 2911 comoedia
1140 2850 1379 2924 exstitit3
1418 2869 1484 2910 ac
1508 2869 1706 2909 rursus
1728 2849 1850 2928 jam
1879 2856 2013 2907 tunc
2034 2855 2162 2906 tan-

449 3055 463 3083 ¹
503 3046 728 3116 Athenae.
755 3051 880 3111 XIV,
909 3066 958 3114 p.
989 3051 1106 3099 621.
1160 3095 1163 3098 .

446 3146 466 3171 ²
502 3136 702 3209 ἐγένετο.
725 3176 734 3184 -
762 3176 773 3187 .
796 3175 805 3186 .
832 3144 906 3190 ἀπ’
927 3147 1066 3205 ἀρχῆς
1088 3139 1490 3202 αὐτοσχεδιαστικῆς
1526 3171 1536 3181 .
1561 3170 1570 3181 .
1595 3170 1606 3182 .
1632 3140 1657 3188 ἡ
1682 3135 1873 3200 κωμῳδία
1897 3168 2043 3180 .....
2076 3128 2166 3183 Ᾰπὸ

31 3247 126 3294 ἦ
151 3247 155 3262 ·’
381 3243 462 3282 τῶν
477 3234 735 3298 ἐξαρχὸντων
759 3235 814 3277 τὰ
835 3232 1030 3293 φαλλικά,
1054 3232 1081 3275 ἂ
1105 3228 1166 3275 ἔτι
1190 3233 1258 3275 καὶ
1280 3234 1349 3274 νῦν
1373 3232 1410 3275 ἐν
1435 3229 1602 3279 πολλαῖς
1626 3228 1768 3273 πόλεσι
1785 3225 2013 3290 διαμένουσι
2027 3258 2038 3280 ,
2060 3229 2168 3273 κατὰ

381 3342 522 3388 “m''
552 3325 722 3378 menen.
1363 3357 1369 3360 ’
1423 3380 1545 3426 Poet.
1572 3378 1641 3436 1v,
1670 3379 1740 3426 14.

137 3526 141 3529 ,
451 3471 468 3499 ³
502 3465 751 3518 Plutarch.
778 3462 848 3513 De
872 3463 1014 3513 divit.
1031 3500 1044 3522 ,
1072 3477 1187 3526 cup.
1215 3477 1260 3512 c.
1289 3463 1335 3510 8.

44 3550 48 3558 ’
73 3562 76 3571 '
451 3559 472 3586 ⁴
504 3555 612 3605 Vid.
641 3566 820 3617 supra,
848 3565 898 3614 p.
933 3550 1016 3598 45.
