2860 4380
871 159 912 201 ἱ

1371 290 1450 299 --
1491 270 1599 315 VIII
1641 289 1721 299 —-

652 399 887 462 omnino
944 397 1229 460 subditam
1294 397 1716 477 Megarensium
1771 384 2015 478 imperio
2063 397 2239 458 fuisse
2281 419 2295 454 ·.
2339 398 2456 458 hoc

650 514 863 575 indicat
886 529 1063 591 quum
1102 509 1354 570 Boeotica
1391 510 1689 571 dialectos¹
1725 510 1784 570 in
1810 511 1990 572 titulis
2024 510 2454 590 AEgosthenicis

647 634 947 706 usurpata,
978 633 1102 685 tum
1151 624 1362 684 horum
1403 624 1702 685 titulorum
1755 645 1984 701 sensuS,
2034 644 2283 705 quorum
2313 626 2448 706 plu-

647 737 842 799 ribus²
873 737 1182 817 significari
1227 737 1448 799 videtur
1495 737 1915 817 AEgosthenam
1964 738 2193 800 cuidam
2235 738 2452 799 Boeoti-

649 870 846 913 carum
880 851 1115 913 urbium
1146 844 1398 912 societati
1434 851 1773 931 adjunctam
1802 851 2010 926 fuisse;
2045 870 2163 912 uno
2200 833 2391 912 autem
2407 851 2451 926 ⁵,

649 965 910 1025 omnium
953 964 1244 1045 praecipuo
1265 1009 1278 1032 ‚
1309 963 1720 1043 AEgosthenitis
1764 965 2207 1044 magistratuum
2242 983 2455 1044 genera

647 1076 879 1157 propria
929 1075 1292 1137 continentur
1344 1075 1439 1155 qui
1475 1085 1572 1137 aut
1613 1075 1849 1150 iisdem,
1891 1085 1989 1137 aut
2023 1075 2198 1137 etiam
2231 1075 2359 1137 aliis
2391 1079 2458 1138 ac

648 1190 1006 1269 Megarenses
1036 1188 1402 1268 magistratus
1424 1237 1438 1263 ,
1475 1188 1815 1250 nominibus
1845 1190 2305 1270 appellabantur.

731 1303 924 1382 Itaque
937 1302 1286 1363 arctissimos
1305 1301 1453 1362 intra
1468 1302 1613 1363 fines
1635 1323 1695 1363 se
1721 1302 2019 1363 continere
2038 1300 2459 1381 Megarensium

651 1415 963 1477 dominatio
1009 1423 1201 1475 coacta
1245 1423 1347 1475 est.
1406 1414 1639 1476 Nobiles
1689 1426 1887 1476 tamen
1932 1411 2147 1496 diuque
2188 1417 2461 1477 florentes

650 1528 857 1603 hahiti,
890 1547 963 1588 ne
988 1546 1054 1587 eo
1077 1527 1309 1607 quidem
1333 1536 1592 1608 tempore
1615 1547 1728 1607 quo
1760 1527 1949 1588 omnis
1976 1547 2181 1589 eorum
2207 1528 2459 1608 potentia

649 1643 920 1717 fluxerat,
971 1641 1033 1700 in
1087 1640 1432 1702 oblivionem
1477 1641 1628 1721 apud
1677 1649 1894 1701 veteres
1947 1650 2458 1722 contemptumque

652 1763 942 1816 venerant.
982 1755 1251 1815 Nostram
1281 1774 1507 1834 quoque
1537 1754 1807 1835 pietatem
1831 1752 1992 1832 quasi
2016 1753 2086 1815 ad
2114 1753 2464 1814 venerandas

655 1872 922 1951 reliquias
947 1871 1209 1931 videntur
1243 1870 1500 1931 invitare.
1540 1869 1643 1932 His
1673 1870 1830 1931 enim
1860 1869 2001 1930 locis
2031 1889 2202 1930 suum
2245 1879 2362 1945 est,
2400 1879 2465 1931 ut

657 1987 732 2047 ita
760 1987 949 2047 dicam
971 2035 985 2062 ,
1013 1987 1305 2066 eloquium
1323 2035 1337 2062 ‚
1373 2005 1509 2066 qu0‚
1540 1986 1767 2048 omissis
1797 1985 2094 2047 hodiernis
2123 1985 2245 2046 istis
2275 1985 2465 2065 Mega-

659 2100 950 2176 rensibus,
1012 2100 1206 2162 nescio
1267 2101 1378 2180 qua
1427 2099 1665 2161 Albanae
1727 2100 1915 2179 gentis
1972 2099 2096 2160 vice
2146 2100 2271 2160 haec
2317 2099 2466 2160 inter

661 2215 865 2276 rudera
885 2215 1189 2291 translatiS‚
1218 2215 1287 2276 ad
1309 2214 1634 2295 priscorum
1659 2214 1987 2275 incolarum
2010 2212 2465 2274 recordationem

662 2348 1016 2390 revocamur.
1047 2328 1253 2398 Quales
1278 2328 1436 2389 fuere
1461 2328 1543 2388 illi
1563 2327 1832 2388 homines
1855 2346 2101 2407 quorum
2125 2326 2465 2387 memoriam

664 2442 856 2502 omnia
886 2442 1104 2503 circum
1135 2442 1368 2503 infixam
1414 2441 1813 2503 retinuerunt?
1851 2441 2072 2511 Quibus
2110 2461 2170 2502 se
2205 2441 2466 2502 moribus

663 2556 916 2617 habuere
934 2605 948 2630 ,
1016 2564 1111 2616 aut
1181 2574 1448 2634 quaenam
1513 2554 1642 2615 coeli
1695 2554 1906 2615 sitfisve
1957 2554 2232 2616 naturalis
2289 2554 2466 2615 virtus

665 2670 999 2751 suppetivit,
1018 2655 1096 2730 ¹ut
1121 2669 1181 2729 in
1205 2668 1609 2748 angustissima
1631 2667 1881 2729 Helladis
1904 2667 2139 2748 regione
2170 2669 2465 2731 montibus

665 2802 731 2844 ac
752 2783 898 2843 mari
921 2782 1127 2843 inclusi
1147 2832 1160 2858 ,
1187 2782 1523 2861 urgentibus
1548 2782 1802 2862 undique
1826 2783 1970 2844 fines
1994 2782 2179 2844 tribus
2201 2782 2465 2844 maximis

743 3050 757 3076 ¹
796 3046 851 3096 In
888 3047 967 3097 his
1000 3047 1122 3096 mihi
1169 3047 1455 3098 advocanda
1494 3056 1569 3097 est
1600 3047 1875 3098 doctissimi
1902 3045 2465 3110 benevolentissimique

666 3132 759 3182 viri
775 3133 934 3184 Lebas
956 3134 1244 3195 auctoritaS,
1265 3135 1350 3199 qui
1367 3149 1563 3185 mecum
1581 3136 1805 3185 nondum
1828 3135 1987 3185 editas
2015 3135 2278 3185 titulorum
2301 3133 2465 3197 expli-

667 3221 886 3272 cationes
910 3222 1312 3273 communicavit.

732 3314 750 3338 2
785 3310 968 3371 Lebas3
995 3310 1113 3374 Voy.
1144 3310 1397 3372 Archeol„
1427 3321 1547 3362 tom.
1577 3312 1636 3371 ΙΙ,
1664 3327 1704 3362 S.
1734 3312 1786 3371 l;
1822 3311 2010 3378 Megar.
2043 3312 2103 3361 Νο
2128 3313 2270 3361 4-11.

733 3401 752 3427 ³
786 3399 1034 3451 Welcker.
1065 3398 1240 3450 Kleine
1264 3400 1535 3461 Schriften,
1554 3409 1676 3451 tom».
1707 3400 1799 3461 111,
1828 3415 1947 3467 pag.
1975 3402 2105 3463 242;
2133 3401 2290 3451 Lebas
2308 3400 2364 3465 ’(Ι.
2393 3399 2468 3466 c.)

667 3485 728 3536 Νο
755 3487 835 3535 12.

2836 264 2843 275 ‘
2819 61 2860 251 ,vasae-4³45*-
