2800 4368
1161 330 1474 390 ...95-

503 473 642 541 Quae
674 472 841 533 fuerit
880 472 971 532 illa
1016 473 1338 534 Susarionis
1377 475 1685 550 comoedia,
1726 496 2048 556 quanquam
2087 501 2199 541 non

326 571 329 577 ’
384 571 388 575 ’
416 584 550 646 licet
579 588 738 647 certa>
761 585 1082 646 describere
1120 587 1320 666 figura,
1353 587 1705 666 aliquatenus
1731 584 2055 653 adumbrari
2090 613 2197 673 po-

414 699 576 760 test¹.
622 698 956 778 Simplicem
1008 699 1314 758 admodum
1356 718 1481 758 eam
1516 719 1581 758 ac
1626 701 1829 761 rudem
1872 704 2074 779 fuisse,
2112 707 2201 765 vix

415 830 558 892 opus
593 812 677 872 est
716 793 906 871 dicere
927 858 940 883 ,
992 798 1167 888 quum
1211 829 1301 870 ars
1347 811 1565 871 comica
1588 855 1601 878 ‚
1657 821 1798 902 teste
1844 814 2194 894 Aristotele²,

411 922 624 983 tamdiu
656 921 921 1001 ignobilis
952 929 1387 1000 contemptaque
1417 917 1829 999 permanserit,
1866 926 2198 1006 priusquam

409 1035 481 1096 ad
540 1033 845 1114 quemdam
894 1034 1056 1093 famae
1113 1043 1167 1093 et
1224 1030 1511 1109 dignitatis
1565 1035 1814 1117 gradum.
1851 1012 2193 1116 assurgeret.

411 1133 749 1220 HistrioneS,
790 1165 906 1205 non
939 1154 1092 1206 certo
1129 1162 1394 1219 numero,
1436 1145 1494 1204 in
1528 1164 1759 1207 scenam
1796 1148 2035 1210 modicis
2064 1151 2195 1229 pul·
2262 1127 2274 1136 Α

352 1326 360 1335 ,
410 1260 542 1340 pitis
596 1259 890 1319 instratam
940 1257 1279 1345 prodibant,
1329 1257 1585 1318 nondum
1639 1259 1823 1319 fabula
1874 1260 1941 1320 ad
1984 1261 2197 1340 justam

409 1369 880 1454 compositionem
925 1372 1208 1444 redacta⁵3
1254 1369 1396 1429 nihil
1426 1370 1578 1431 aliud
1622 1390 1688 1431 ac
1728 1367 1912 1433 'risum
1947 1392 2193 1452 praeme-

396 1483 585 1559 ditati,
625 1481 802 1564 quum
848 1484 994 1544 nihil
1045 1484 1270 1563 gravius
1336 1484 1443 1544 sibi
1506 1494 1927 1563 proponerent,
1976 1486 2083 1546 nisi
2133 1496 2197 1547 ut

406 1596 788 1676 petulantibus
819 1606 874 1657 et
895 1596 1151 1658 ridiculis
1179 1596 1432 1656 dicteriis
1461 1595 1985 1676 imitationibusque
2016 1616 2192 1676 quos-

404 1712 536 1770 dam
571 1708 721 1770 cives
755 1709 1117 1770 lacesserent.
1154 1708 1303 1776 Quid
1335 1708 1508 1786 igitur
1540 1706 1601 1765 in
1638 1707 1726 1768 his
1757 1695 2049 1770 comoediae
2085 1730 2192 1770 no-

406 1825 562 1906 mine
602 1825 724 1904 jam
767 1821 1052 1901 dignum?
1100 1820 1379 1882 Videlicet
1425 1820 1698 1881 Susarion
1749 1842 1811 1882 ea
1860 1823 2075 1885 ludicra
2127 1826 2195 1885 ad

405 1936 544 1998 illud
572 1934 814 2014 subegit,
844 1943 908 1994 ut
935 1916 1169 1994 diversae
1199 1940 1406 2012 partes,
1440 1932 1714 1994 licet‘non
1755 1934 1830 1994 ita
1866 1944 2022 1996 arcto
2047 1935 2196 1996 inter

406 2069 468 2111 se
492 2068 640 2110 nexu
668 2048 993 2127 conjunctae
1018 2091 1031 2113 ‚
1069 2046 1140 2106 ad
1168 2065 1290 2106 rem
1323 2065 1497 2106 unam
1539 2055 1732 2107 tamen
1766 2066 1824 2107 se
1856 2047 2187 2122 referrent⁴,

385 2175 493 2239 et,
533 2164 581 2225 si
615 2181 730 2229 non
773 2161 992 2240 singula
1035 2179 1273 2239 quaeque
1316 2161 1464 2221 dicta
1507 2170 1722 2235 actave‚
1767 2170 1918 2221 certe
1947 2162 2175 2240 quidem

401 2276 575 2339 totius
611 2274 696 2334 rei
724 2274 862 2333 ordo
891 2282 946 2334 et
984 2292 1210 2334 summa
1246 2249 1678 2353 praepararetur.

484 2389 621 2450 Haec
662 2387 970 2461 comoedia,
1010 2386 1411 2465 qualicumque
1448 2406 1507 2446 se
1534 2386 1787 2466 primum
1828 2386 2025 2447 habitu
2050 2405 2188 2466 pro-

401 2499 643 2574 duxerit,
666 2484 835 2560 simul
854 2505 1020 2576 atque
1042 2496 1292 2557 Athenas
1315 2496 1596 2575 migravit,
1624 2515 1740 2556 non
1766 2515 1927 2556 suam
1948 2497 2188 2576 patriam

401 2611 651 2674 deseruit
679 2632 691 2670 ε
726 2609 826 2671 ubi
856 2618 1053 2670 contra
1080 2606 1309 2669 firmam
1339 2608 1446 2669 sibi
1486 2609 1678 2670 sedem
1713 2608 1932 2669 videtur
1967 2609 2185 2670 consti-

400 2726 594 2810 tuisse.
634 2724 778 2785 Illud
819 2732 1011 2784 tamen
1046 2722 1376 2783 mutationis
1424 2742 1584 2802 passa
1614 2732 1729 2798 est,
1764 2732 1826 2783 ut
1856 2709 2185 2788 brevicon-

467 2949 483 2976 ¹
516 2945 628 2996 vid.
653 2945 894 2996 Meineck.
921 2943 1123 3007 Fragm.
1148 2941 1285 2991 Com.
1316 2955 1393 3005 gr.
1423 2940 1478 2988 V.
1506 2941 1555 2999 I,
1583 2955 1668 3004 pp.
1698 2941 1761 2989 18
1784 2954 1852 2990 ss.
1889 2940 2089 3004 Grysar.
2117 2941 2187 2990 De

400 3034 626 3085 Doriens.
651 3032 877 3083 Comoed.
905 3038 1090 3094 quaest.
1159 3094 1161 3096 Ι

467 3126 486 3154 ²
520 3122 658 3172 Poet.
684 3122 742 3186 V,
769 3123 833 3170 5:
859 3126 884 3173 ἡ
908 3120 1100 3186 κωμῳδία
1127 3119 1195 3166 διὰ
1230 3124 1277 3165 τὸ
1317 3124 1372 3183 μὴ
1401 3119 1700 3174 σπουδάζεσθαι
1726 3123 1768 3174 ἐξ
1802 3124 1937 3182 ἀρχῆς
1961 3118 2114 3166 ἔλαθεν.

468 3217 485 3244 ³
521 3218 576 3263 Οἱ
597 3219 691 3277 περὶ
723 3217 985 3277 ,Σουσαρίωνα
1007 3216 1062 3257 τὰ
1089 3212 1293 3274 πρόσωπα
1324 3214 1475 3272 εἱςῆγον
1499 3213 1714 3262 ἀτάκτωςὲ
1740 3246 1747 3253 .
1774 3244 1786 3255 .
1823 3204 2079 3273 (Κρατῖνος)

524 3310 580 3352 τὰ
610 3308 650 3353 ἐν
675 3311 729 3367 τῇ
763 3301 951 3367 κωμῳδίᾳ
977 3303 1181 3365 πρόσωπα
1203 3301 1330 3364 μέχρι
1360 3308 1490 3363 ,τριῶν
1516 3301 1765 3351 κατέστησε.

1022 3422 1025 3424 .
1103 3387 1314 3444 Anonym.
1343 3384 1396 3430 de
1411 3384 1642 3452 *Comoed.,
1671 3399 1713 3444 p.
1742 3395 1881 3429 xxxn.

467 3474 484 3502 '⁶
516 3470 604 3522 His
632 3470 838 3522 vocibus
860 3474 1097 3534 Μεγαρικὸν
1129 3468 1266 3531 δρᾶμα
1298 3463 1632 3528 Ecphantides
1659 3463 1817 3513 utitur
1858 3464 1920 3514 de
1974 3465 2069 3515 hoc
2100 3480 2182 3517 co-

407 3560 605 3611 moediae
629 3573 831 3626 genere.
860 3557 950 3621 Ap.
975 3556 1147 3620 Aspas.
1177 3554 1238 3604 ad
1262 3553 1410 3603 Arist.
1438 3552 1552 3602 Eth.
1579 3551 1768 3603 Nicom.
1799 3552 1874 3611 IV,
1899 3554 1946 3600 2.

636 3676 654 3702 Ι
