2800 4368
1484 307 1807 367 ...50-

752 453 909 535 (παρὰ
930 462 1008 516 τὸν
1029 460 1241 532 ποταμὸν
1264 452 1577 532 ἐπινέμοντες)
1609 453 1680 512 ab
1712 452 2012 514 Aristotele
2034 454 2304 518 dicuntur
2332 458 2372 517 ii
2395 476 2542 538 quO-

749 585 878 629 rum
902 586 1008 647 ope
1030 565 1756 646 Theagenestyrannidem,
1776 566 2017 628 divitum
2042 571 2349 648 pecoribus
2370 572 2545 632 truci-

748 681 912 757 datis,
939 680 1342 761 occupaverat¹
1383 701 1395 739 z
1425 678 1582 740 unde
1609 678 1771 740 facile
1806 680 1974 740 factio
1994 683 2257 760 quaedam
2288 698 2542 766 Παραπο-

744 804 927 876 ταμίων
952 813 1084 855 cum
1100 793 1437 854 Atheniensi
1459 786 1778 875 Ῠπερακρίων
1798 792 2065 869 factione,
2093 795 2373 857 Pisistrati
2389 782 2566 878 adju-¹

744 906 908 982 trice,
942 906 1254 967 contuleris
1275 929 1287 981 3
1309 914 1364 966 et
1378 905 1432 966 vi
1457 905 1733 985 singulari
1757 926 1788 966 a
1812 905 2145 985 Theognide
2182 908 2311 968 novi
2342 927 2537 970 rerum

744 1021 964 1082 domini
993 1020 1398 1100 designantur:
1431 1021 1564 1100 «qui
1596 1021 1734 1081 olim
1768 1040 2070 1101 caprarum
2103 1022 2347 1101 pellibus
2366 1023 2541 1085 latera

745 1133 1118 1213 cingebantur
1148 1143 1203 1194 et
1233 1142 1387 1193 extra
1412 1132 1620 1193 urbem
1643 1134 1796 1193 hanc
1821 1151 2126 1193 cervorum
2155 1151 2319 1194 more
2358 1133 2541 1214 dege-

743 1245 1063 1308 bant².»De
1079 1245 1170 1305 his
1190 1244 1449 1305 versibus
1464 1243 1805 1307 Welckerus
1828 1246 1994 1307 docte
2018 1246 2284 1307 meminit
2299 1261 2546 1310 Κατωνα-

745 1361 1002 1442 κοφὸρους5
1029 1358 1306 1438 quosdam
1337 1357 1737 1438 Sicyoniorum
1768 1378 1958 1420 servos
1987 1359 2172 1420 dictos
2205 1359 2382 1421 fuisse
2403 1406 2417 1428 ‚
2452 1370 2542 1436 et,

741 1472 1229 1534 Pisistratidarum
1269 1480 1561 1551 tempore,
1600 1470 2039 1532 Atheniensium
2064 1473 2329 1535 homines
2358 1494 2546 1554 agres-

740 1597 848 1663 tes,
882 1587 981 1648 sed
1013 1586 1291 1647 libertatis
1329 1584 1710 1659 amantioreS,
1743 1593 1896 1645 veste
1941 1584 2038 1644 vili
2081 1584 2436 1665 ridiculeque
2463 1588 2547 1649 eis

741 1700 1009 1782 imposita
1035 1745 1048 1767 ‚
1082 1718 1194 1779 quo
1240 1698 1423 1778 magis
1468 1717 1563 1759 eos
1612 1699 1818 1759 urbem
1856 1699 2216 1777 frequentare
2268 1699 2544 1779 puderet3

743 1835 927 1895 neque
957 1813 1139 1888 aliter,
1173 1812 1323 1893 apud
1368 1812 1703 1892 Spartanos,
1738 1803 1969 1872 Helotes
2010 1812 2268 1890 galerum
2309 1832 2340 1873 e
2380 1811 2548 1874 'corio

744 1928 957 2009 (κυνῆν)
984 1937 1039 1987 et
1064 1911 1571 2006 pelles(32c93e'poev·)
1619 1944 1724 2005 pro
1764 1933 1916 1984 veste
1957 1923 2195 1984 induere
2255 1926 2544 1993 coactos⁴‚

744 2054 799 2106 et
845 2042 1103 2104 Corinthi
1132 2049 1448 2122 Κυνοφάλους
1478 2041 1496 2066 ⁵
1547 2040 1823 2119 quosdam
1869 2039 2104 2099 nomine
2156 2039 2547 2118 ignominioso

745 2167 967 2219 notatos
996 2156 1169 2217 fuisse
1188 2155 1229 2213 ⁶.

826 2270 994 2351 Apud
1014 2270 1396 2348 Megarenses,
1423 2268 1625 2346 vulgus
1656 2266 1795 2326 illud
1818 2266 2098 2326 rusticum
2131 2288 2158 2323 «
2186 2283 2371 2345 neque
2387 2266 2544 2346 jura,

748 2406 932 2467 neque
972 2387 1123 2464 leges
1163 2386 1453 2458 noverat⁷,
1492 2406 1519 2442 »
1568 2383 1781 2443 nedum
1827 2383 1885 2441 in
1933 2382 2216 2443 civitatem
2259 2381 2548 2443 adscisce—

748 2509 905 2561 retur
943 2509 997 2559 et
1040 2498 1268 2579 publica
1307 2515 1549 2557 munera
1597 2496 1801 2557 obiret.
1845 2495 1986 2565 Quis
2036 2504 2227 2556 autem
2283 2495 2554 2556 bonorum

751 2634 911 2676 suam
964 2614 1141 2672 filiam
1195 2611 1295 2671 ulli
1346 2611 1507 2671 istius
1552 2610 1895 2670 conditionis
1954 2609 2176 2669 homini
2225 2609 2551 2670 ducendam

820 2839 834 2864 ¹
872 2833 1067 2883 Politic.
1095 2832 1151 2890 V,
1174 2832 1206 2879 4
1226 2868 1238 2890 ,
1268 2831 1315 2878 5.

817 2929 836 2955 ²
869 2923 926 2972 V.
954 2923 1013 2971 21
1043 2919 1162 2970 edit.
1194 2919 1442 2967 Welcker.

819 3016 836 3043 ⁸
869 3013 909 3061 A
937 3017 1057 3067 νάκος
1100 3006 1267 3057 vellus.
1298 3012 1553 3062 Κατωνάκη,
1584 3005 1736 3055 vestis
1776 3020 1839 3054 ex
1874 3004 1987 3054 lana
2030 3004 2212 3064 densa,
2242 3005 2376 3068 pelle
2408 3005 2553 3068 juxta

751 3101 1001 3152 fimbriam
1042 3098 1208 3149 assuta
1248 3094 1467 3161 (Pollux.
1521 3096 1630 3151 vll.
1667 3097 1805 3159 68.),
1841 3109 1955 3159 quae
1999 3094 2230 3144 hodierni
2270 3106 2551 3158 graecorum

752 3192 963 3243 amictus
985 3190 1241 3254 cujusdam
1259 3224 1271 3247 ‚
1297 3194 1501 3254 φλοκάτης
1521 3223 1532 3244 ,
1563 3188 1697 3237 haud
1733 3185 1989 3236 dissimilis
2014 3184 2166 3235 fuisse
2191 3183 2403 3234 videtur.

819 3283 839 3309 ⁴
873 3279 1099 3328 Athenae.
1126 3277 1247 3342 xlv,
1278 3292 1325 3340 p.
1356 3278 1472 3325 657.

820 3374 838 3399 ⁵
873 3369 1051 3419 Galero
1075 3383 1139 3418 ex
1162 3368 1299 3418 canis
1324 3365 1481 3417 cauda
1505 3365 1711 3416 cristato
1736 3364 1979 3430 insignes.
2009 3361 2224 3426 Hesych.

818 3463 836 3491 ⁶
870 3458 979 3508 Vid.
1006 3458 1256 3507 Welcker.
1285 3470 1334 3519 p.
1363 3468 1516 3504 xxxv.

820 3553 837 3578 ⁷
873 3548 1099 3611 Theogn.
1127 3559 1258 3594 vers,
1287 3544 1368 3592 ⁶20.
