2800 4368
1054 334 1374 395 „15—

299 479 518 562 judicio
554 458 879 539 sancitum?
905 478 1068 548 Quod
1102 479 1252 559 apud
1292 479 1667 541 Athenienses
1695 480 1863 562 vulgo
1889 500 2096 563 accep-

304 602 430 655 tum
454 591 626 653 fiiisse
662 600 998 671 argumento
1032 600 1165 652 sunt
1198 611 1377 671 quum
1402 592 1594 672 plures
1627 592 1720 652 alii
1755 612 1786 652 a
1816 592 2094 654 Strabone

306 703 495 778 citati,
529 714 654 765 tum
697 703 1007 783 Sophocles
1028 752 1042 778 ,
1107 704 1257 784 apud
1293 723 1464 783 quem
1500 703 1757 765 Pandion
1779 753 1793 779 ,
1853 725 2095 785 regnum

303 826 546 896 quatuor
562 816 694 877 filiis
718 816 978 896 partituS,
998 815 1137 876 Niso
1161 815 1506 894 Megaridem
1526 815 1782 876 attribuit
1806 816 1821 844 ¹
1836 862 1850 877 .
1876 817 2107 878 Scilicet

302 948 408 1009 pro
463 939 618 990 certo
652 929 980 991 habendum
1022 936 1106 989 est
1159 927 1325 988 Iones
1380 946 1551 988 omne
1591 928 1747 989 littus
1799 949 1981 1008 usque
2031 934 2103 994 ad

309 1042 713 1103 Corinthiacos
745 1043 888 1102 fines
917 1060 1224 1121 occupasse
1252 1063 1267 1115 ;
1305 1060 1447 1120 quos
1482 1051 1612 1102 ante
1640 1041 1858 1102 Dorum
1892 1062 1957 1102 ex
1991 1043 2104 1102 Pe—

307 1157 624 1236 loponneso
661 1154 1040 1234 irruptionem
1083 1162 1347 1215 accurate
1380 1154 1629 1233 signatos
1672 1174 1798 1215 esse
1844 1175 1909 1215 ex
1948 1155 2105 1215 Stra—

307 1267 499 1330 bone²
545 1266 886 1342 didIcimus,
950 1250 1129 1346 quum
1166 1267 1227 1326 in
1284 1267 1503 1328 Isthmo
1553 1268 1623 1328 ad
1668 1267 2107 1348 Crommyonem

299 1378 575 1442 'columna
604 1387 776 1440 staret
807 1379 868 1439 in
897 1382 1136 1459 utraque
1166 1380 1308 1441 facie
1350 1379 1627 1461 inscripta
1661 1402 1674 1440 :
1710 1401 1946 1461 nempe,
1999 1383 2108 1460 qua

307 1491 653 1572 Megaridem
706 1501 1023 1571 spectaret,
1079 1514 1107 1550 c<
1146 1493 1286 1553 Haec
1340 1512 1458 1553 non
1505 1493 1969 1573 PeloponnesuS,
2011 1495 2108 1554 sed

309 1606 468 1667 Ionia
493 1628 560 1679 »3
593 1606 801 1679 altera,
842 1626 871 1663 ε(
910 1605 1050 1666 Haec
1072 1614 1208 1666 sunt
1228 1606 1663 1685 Peloponnesus
1683 1653 1697 1680 ,
1730 1625 1848 1670 non
1878 1606 2051 1667 Ionia.
2074 1629 2102 1665 ³>

309 1719 508 1798 Neque
554 1717 806 1797 alioquin
855 1718 988 1778 satis
1022 1717 1464 1796 intelligeretur,
1522 1738 1625 1778 cur
1651 1718 1868 1793 Minos,
1915 1719 2100 1779 filium

309 1831 682 1910 Androgeum
712 1850 816 1911 per
840 1830 1024 1910 AEgaei
1060 1830 1292 1892 insidias
1336 1851 1367 1891 a
1398 1841 1562 1892 tauro
1602 1832 1958 1893 Marathonio
2001 1854 2106 1895 ne-

309 1922 500 2006 catum
545 1944 773 2005 ulturus
793 1993 808 2019 ,
852 1944 1139 2024 Megaram
1170 1945 1599 2024 expugnavisset
1627 1947 1669 2004 ³.

387 2056 683 2117 Eamdem„
727 2076 957 2117 causam
1012 2057 1174 2117 affert
1240 2057 1442 2117 Strabo
1478 2106 1493 2132 ,
1543 2077 1646 2118 cur
1687 2059 2104 2139 Megarensium

309 2187 520 2230 nomen
565 2189 848 2248 nusquam
927 2170 1078 2250 apud
1127 2170 1446 2230 Homerum
1482 2181 1784 2232 occurrat:
1819 2191 1916 2233 eos
1951 2173 2108 2234 enim

309 2272 759 2343 Atheniensibus
793 2281 966 2342 fuisse
994 2271 1293 2361 adjunctos
1316 2331 1330 2358 ,
1365 2292 1421 2343 et
1454 2282 1701 2345 Atticam
1726 2285 2103 2364 Megaridem-

307 2415 420 2475 que
446 2395 633 2457 Ionias
671 2395 868 2456 fuisse.
919 2395 1113 2475 Itaque
1143 2396 1310 2457 ethis
1345 2397 1534 2459 verbis

720 2541 811 2590 ἔνθα
836 2542 881 2589 δὲ
904 2548 1074 2590 Βοιωτοὶ
1097 2548 1166 2590 καὶ
1190 2535 1322 2599 Ῐάονες
1336 2577 1348 2596 ,

1229 2628 1452 2685 (11.X111,
1477 2629 1614 2686 685.)

391 2750 771 2813 Athenienses
800 2751 1147 2831 significari,
1189 2762 1245 2818 et
1279 2753 1525 2834 Catalogi
1573 2774 1738 2816 versu

720 2905 774 2950 Οἱ
795 2902 832 2949 δ’
853 2902 919 2967 ἄρ’
948 2894 1104 2955 Ᾰθήνας
1131 2900 1244 2965 εἶχον
1261 2937 1272 2957 ,
1303 2906 1532 2968 ἐϋκτίμενον
1559 2908 1794 2970 πτολίεθρον
1814 2939 1823 2955 ‚

1315 2988 1649 3047 (11.11‚546.)

756 3212 770 3238 ¹
791 3213 909 3272 Νίσῳ
932 3209 975 3255 δὲ
1000 3214 1074 3260 τὴν
1099 3210 1274 3278 ὅμαολον
1298 3213 1449 3274 ἐξαιρεῖ
1470 3214 1599 3273 χθόνα

790 3303 1004 3363 Σκείρωνος
1028 3303 1179 3352 ἀκτῆς.
1394 3332 1397 3333 ⁷

1055 3399 1057 3401 ¹
1139 3383 1270 3443 Soph.
1299 3396 1368 3443 ap.
1395 3383 1537 3429 Strab.
1566 3384 1620 3429 IX
1639 3421 1649 3441 ,
1677 3401 1719 3446 p.
1748 3385 1850 3431 392.

380 3466 510 3524 ²111,
538 3480 591 3529 p.
616 3465 731 3523 1713
759 3464 847 3523 IX,
876 3481 928 3528 p.
955 3466 1079 3524 592,
1117 3464 1233 3513 595.

380 3556 402 3582 ³
438 3553 602 3604 Schol.
631 3554 822 3604 Platon.
851 3554 913 3603 ad
937 3553 1087 3603 Mino.
1116 3567 1167 3616 p.
1198 3553 1322 3613 725,
1363 3553 1444 3603 56.
1474 3554 1553 3603 ed.
1583 3554 1707 3603 Bait.
