2800 4368
1118 392 1436 451 -.13-

389 549 748 596 successores
769 583 782 609 ,
818 554 992 613 regno
1019 535 1228 615 potitus
1251 555 1372 596 esse
1401 535 1693 596 dicebatur
1722 536 1923 609 Lelex,
1960 536 2174 618 AEgyp-

387 645 500 706 tius
525 645 540 674 ¹
565 695 580 721 ‚
628 667 659 707 a
702 666 814 726 quo
845 647 1050 708 incolae
1085 648 1318 726 Leleges
1353 647 1636 726 appellati.
1662 647 1715 707 Is
1744 658 2032 728 sceptrum
2060 649 2177 709 filio

390 759 619 820 Clesoni
650 760 998 835 transmisit,
1059 760 1222 839 cujus
1258 760 1390 819 filiae
1428 759 1591 820 Gleso
1649 770 1704 821 et
1757 762 2087 842 Tauropolis
2115 760 2171 836 ²,

386 872 538 933 filius
554 873 736 952 Pylas
753 881 1167 934 memorantur.
1190 873 1351 952 Pylas
1365 891 1640 951 generum
1664 892 1831 933 suum
1851 874 2173 945 Pandiona,

386 984 616 1046 alterius
647 986 917 1066 Cecropis
948 995 1147 1046 natum
1168 1034 1182 1060 ‚
1223 985 1406 1061 Attica
1436 989 1467 1045 a
1498 985 1819 1047 Metionidis
1853 989 2171 1066 expulsum,

387 1096 635 1177 hospitio
663 1098 882 1178 recepit
911 1099 929 1125 ⁵
964 1121 978 1172 ;
1017 1117 1123 1158 nec
1146 1098 1369 1158 Scironi
1396 1117 1497 1158 suo
1521 1098 1668 1172 filio,
1697 1098 1992 1178 eidemque
2019 1100 2174 1159 Pan-

383 1209 569 1270 dionis
611 1228 822 1288 genero
846 1258 860 1284 ‚
929 1229 1172 1289 regnum
1224 1210 1485 1284 tradidit3
1526 1211 1623 1271 sed
1658 1211 1817 1282 Niso,
1868 1210 2177 1272 Pandionis

383 1321 500 1381 filio
522 1370 537 1396 ‚
577 1322 735 1382 litem
761 1322 1116 1405 instituenti,
1151 1324 1384 1402 ejusque
1412 1323 1653 1402 posteris
1674 1372 1687 1397 ‚
1737 1322 1946 1383 AEacus
1967 1322 2177 1384 arbiter

383 1436 598 1515 regiam
628 1435 960 1516 dignitatem
982 1485 996 1511 ,
1035 1436 1260 1497 Scironi
1289 1436 1596 1517 imperium
1626 1437 1903 1497 exercitus
1949 1436 2171 1516 adjudi-

383 1549 547 1609 cavit.
576 1549 749 1610 Nisus
785 1559 978 1610 autem
1003 1549 1182 1609 filiam
1217 1550 1497 1630 Iphinoen
1532 1549 1850 1628 soliumque
1883 1549 2168 1627 MeqareO,

383 1661 633 1741 Neptuni
668 1661 784 1721 filio
804 1710 818 1735 ,
846 1661 1159 1734 concessit3
1184 1661 1280 1720 hic
1304 1660 1487 1720 filium
1511 1661 1768 1739 Pelopis,
1803 1660 2168 1733 Alcathoum,

380 1794 656 1854 generum
719 1773 826 1834 sibi
890 1774 1125 1834 adscivit
1189 1774 1358 1833 simul
1416 1774 1836 1853 haeredemque.
1901 1774 2055 1834 Caris
2117 1785 2172 1835 et

381 1889 623 1967 Megarei
658 1889 918 1968 sepulcra
952 1887 1091 1947 vidit
1113 1887 1420 1949 Pausanias
1447 1890 1488 1947 ⁴.

461 2000 598 2061 Haec
640 2001 1017 2079 Megarenses.
1068 2001 1282 2060 Verum
1308 2001 1484 2080 liquet
1518 2021 1628 2079 quo
1659 2001 1844 2062 studio
1883 2022 2012 2063 suas
2049 2002 2168 2063 ori-

378 2240 523 2290 Nulla
546 2241 740 2291 ratione
766 2240 941 2300 allata,
978 2241 1171 2291 Cariam
1203 2243 1254 2290 in
1280 2243 1409 2292 colle
1445 2240 1675 2291 orientali
1700 2242 1859 2292 Leake
1889 2243 1955 2305 (l.
1985 2241 2053 2308 1.)
2080 2258 2169 2306 po-

379 2328 510 2389 suit;
537 2342 691 2392 quum
715 2327 848 2376 enim
885 2329 1099 2377 alterum
1119 2366 1132 2387 ,
1153 2329 1312 2394 magis
1335 2329 1634 2387 abscissum,
1663 2329 1841 2378 melius
1864 2338 2041 2379 natura
2060 2345 2175 2380 mu-

378 2414 528 2464 nierit
546 2452 560 2475 ,
599 2429 700 2464 non
725 2414 999 2466 absurdum
1024 2423 1098 2464 est
1133 2415 1366 2465 arbitrari
1390 2417 1524 2466 hunc
1554 2416 1616 2465 ab
1641 2415 1880 2465 Alcathoo
1905 2418 2169 2479 praelatum

377 2502 528 2553 fuisse
551 2504 601 2552 in
625 2518 725 2566 quo
749 2517 912 2552 arcem
933 2515 1073 2551 suam
1097 2503 1392 2564 aedificaret,
1415 2512 1529 2567 post
1563 2513 1902 2569 expugnatam
1932 2504 2169 2554 dirutam-

376 2605 474 2655 que
498 2605 527 2640 a
550 2591 712 2641 Minoe
734 2592 931 2641 urbem.
958 2592 1188 2641 Attamen
1213 2591 1275 2640 ad
1314 2590 1616 2640 contrariam
1654 2591 1939 2654 opinionem
1977 2591 2170 2660 facilius

375 2679 671 2729 accesserim
694 2717 708 2738 ,
751 2693 899 2742 quam
947 2679 1067 2728 Rizo
1106 2679 1344 2743 Rangabe
1387 2676 1658 2744 (Me'moire
1696 2677 1853 2728 inedit
1902 2679 2101 2729 adresse
2139 2679 2168 2729 a

376 2766 640 2833 l’Institut)
665 2767 855 2830 aliquot
880 2767 1188 2832 argumentis
1223 2766 1393 2825 fulsit,
1436 2766 1584 2816 fidem
1606 2804 1618 2826 ,
1657 2780 1758 2815 non
1797 2781 2021 2816 securam
2057 2769 2168 2831 qui-

377 2856 491 2906 dem
510 2893 524 2916 ,
554 2856 642 2905 sed
666 2870 766 2905 non
802 2854 1101 2905 levissimam
1136 2853 1449 2904 facientibus.

447 2947 463 2973 ¹
489 2939 630 2992 Paus,
657 2943 708 3005 I,
735 2944 830 3003 44,
858 2944 907 2992 5.
935 2943 1143 2992 Aristot.
1171 2943 1303 3006 apud
1328 2930 1491 2991 Strab.
1520 2942 1628 3002 Vll,
1657 2957 1706 3004 p.
1738 2945 1858 2992 322.

443 3035 462 3060 ²
487 3031 701 3092 Pau8.1,
727 3032 817 3091 42,
846 3031 896 3079 8.

449 3124 468 3150 ⁵
494 3121 637 3170 Paus.
664 3120 713 3179 I,
741 3120 798 3180 5,
825 3122 855 3168 5
881 3127 931 3168 et
954 3120 1005 3167 4.

443 3211 464 3238 ⁴
487 3207 627 3257 Caris
662 3207 950 3271 sepulcrum
975 3221 1076 3256 non
1112 3219 1266 3269 prave
1289 3205 1569 3273 suspicatus
1605 3214 1680 3255 est
1718 3205 1954 3270 Rangabe
1975 3205 2077 3272 (op.
2107 3209 2162 3270 l.)

375 3296 526 3346 hodie
550 3295 700 3346 etiam
738 3294 997 3344 exsistere.
1026 3293 1075 3342 Si
1107 3293 1218 3357 quis
1252 3293 1385 3342 enim
1425 3293 1489 3342 ad
1513 3306 1664 3355 rupes
1699 3292 1947 3343 Scironias
1971 3295 2162 3360 pergit,

377 3397 496 3433 mox
517 3383 724 3447 paulum
766 3381 829 3430 ad
868 3382 1094 3431 dextram
1142 3380 1491 3430 animadvertit
1537 3381 1783 3429 tumulum
1822 3381 2039 3431 culmine
2078 3383 2164 3432 dc-

357 3456 552 3535 'prcsso
598 3480 647 3520 et
676 3470 782 3519 basi
823 3484 850 3519 e
888 3469 1138 3534 lapidibus
1176 3467 1401 3517 conchitis
1442 3467 1778 3518 circumducta
1818 3470 2158 3533 conspicuum.

380 3559 482 3609 Hoc
515 3566 681 3608 autem
707 3571 820 3608 cum
857 3556 1110 3607 Pausaniae
1135 3555 1300 3608 verbis
1324 3553 1404 3620 (Ι,
1432 3556 1522 3616 44,
1550 3553 1611 3621 9)
1637 3555 1892 3620 congruit.
