2800 4368
1391 307 1709 368 ...44-

656 470 783 512 saxa
817 458 1000 509 aratro
1047 446 1328 510 sulcantes
1364 450 1804 529 petentibusque
1847 449 2073 531 populis
2115 452 2446 514 circumda-

654 575 741 625 tos
763 613 776 638 ,
829 563 883 621 id
934 581 1058 622 esse
1094 572 1432 623 consecutos
1467 572 1531 623 ut
1564 563 1838 624 maximas
1876 565 2208 647 Graecorum
2243 566 2445 626 domos

656 675 973 749 aedificent,
1021 695 1236 754 suoque
1276 694 1438 736 more
1482 675 1646 736 liberi
1686 675 1875 736 vivant
1910 685 1965 736 et
2001 697 2138 756 pace
2177 678 2450 739 continua

657 791 936 850 fruantur.

739 903 854 963 Has
898 912 1088 963 autem
1133 902 1356 977 laudes,
1411 902 1662 963 Platonis
1702 903 2078 982 Isocratisque
2119 902 2456 964 auctoritate·

660 1016 1117 1090 commendatas,
1159 1014 1340 1095 pluris
1372 1015 1542 1075 etiam
1578 1015 1778 1076 feceris
1800 1065 1814 1091 ,
1849 1015 1895 1076 si
1918 1016 2224 1076 adverteris
2245 1014 2452 1095 quibus

659 1130 919 1190 aetatibus
955 1130 1099 1190 datae
1136 1129 1392 1190 fuerint:
1445 1129 1662 1190 scilicet
1691 1150 1817 1208 quae
1862 1130 2038 1205 bella,
2092 1149 2217 1209 quae
2266 1129 2454 1189 omnis

659 1246 884 1325 generis
950 1246 1203 1325 pericula
1272 1245 1731 1325 calamitatesque
1792 1248 1913 1326 jam
1983 1247 2043 1305 in
2097 1246 2456 1325 Megarenses

663 1359 1034 1438 ingruissent.
1097 1359 1304 1418 Nonne
1367 1358 1524 1418 enim
1584 1359 1958 1421 admiratione
2014 1359 2259 1438 quadam
2316 1357 2456 1418 illud

662 1471 900 1551 dignum
946 1480 1064 1547 est,
1124 1490 1220 1534 eos
1242 1521 1255 1547 ,
1309 1490 1634 1552 quanquam
1686 1492 1885 1532 eorum
1939 1492 2075 1553 opes
2129 1482 2456 1552 temporum

663 1584 1000 1645 necessitate
1023 1585 1345 1649 imminutae
1368 1585 1645 1660 fuissent,
1680 1584 1739 1643 in
1764 1584 1997 1664 propria
2019 1583 2234 1663 ingenii
2255 1583 2459 1644 virtute

664 1695 930 1758 habuisse
952 1698 1104 1757 unde
1137 1698 1379 1758 fortunae
1421 1697 1647 1759 casibus
1678 1697 2003 1777 superiores
2040 1679 2383 1772 evaderent,
2407 1706 2463 1757 et

665 1831 696 1871 e
713 1811 989 1872 mediocri
1003 1832 1200 1873 rerum
1225 1822 1372 1874 statu
1386 1813 1692 1892 quamdam
1707 1812 1877 1872 etiam
1894 1813 2203 1872 educerent
2218 1830 2459 1892 prospe—

666 1925 929 1986 ritatem?
953 1926 1117 1995 Quod
1139 1926 1186 1986 si
1208 1946 1439 1987 necesse
1463 1926 1569 1986 fuit
1590 1936 1651 1987 ut
1675 1925 1835 2005 quasi
1861 1927 2009 1986 caeca
2030 1926 2312 1986 bellorum
2327 1944 2465 2005 pro-

667 2039 807 2099 cella
826 2039 913 2098 vel
935 2038 1096 2100 inviti
1123 2050 1487 2120 raperentur,
1513 2039 1830 2120 majoribus
1854 2039 2025 2099 etiam
2050 2058 2221 2118 quam
2247 2038 2460 2114 caeteri,

667 2163 731 2213 ut
764 2154 1030 2229 diximus,
1071 2154 1341 2234 periculis
1367 2154 1440 2214 ob
1473 2153 1724 2232 regionis
1758 2172 1876 2213 suae
1907 2152 2082 2213 situm
2113 2152 2380 2228 obnoxii,
2411 2161 2467 2213 at

671 2276 824 2327 certe
849 2317 862 2343 ,
896 2269 1046 2347 quod
1071 2267 1130 2326 in
1167 2267 1247 2328 eis
1273 2267 1378 2327 fuit
1399 2316 1414 2342 ,
1455 2266 1725 2344 obstitere
1755 2286 1828 2326 ne
1854 2275 2084 2326 externa
2112 2265 2207 2326 illa
2235 2274 2465 2346 pertur-

671 2378 821 2438 batio
846 2379 905 2438 in
935 2379 1136 2453 intima
1162 2379 1552 2454 suae-civitatis
1583 2379 1910 2453 invaderet;
1942 2377 2060 2438 imo
2089 2377 2301 2457 insigni
2322 2397 2465 2459 pru—

672 2495 860 2556 dentia
918 2516 1069 2577 saepe
1116 2516 1317 2577 pacem
1366 2515 1589 2556 servare
1640 2496 1962 2555 voluerunt.
2036 2493 2175 2563 Quae
2234 2512 2470 2573 prorsus

673 2628 969 2687 nunquam
1001 2608 1260 2689 adepturi
1303 2608 1476 2669 fuisse
1516 2608 1801 2682 videntur,
1850 2606 1963 2667 nisi
1999 2606 2204 2666 eximia
2239 2625 2470 2667 morum

674 2722 1006 2782 excellentia
1031 2722 1157 2783 freti
1183 2732 1258 2797 et,
1287 2721 1335 2782 si
1363 2741 1481 2781 non
1501 2720 1726 2800 legibus
1750 2719 2035 2801 perfectis,
2057 2720 2255 2780 saltem
2276 2719 2470 2798 legum

675 2844 730 2894 et
774 2835 1013 2897 civitatis
1055 2837 1203 2896 mira
1237 2846 1289 2897 et
1324 2835 1591 2915 aequabili
1637 2853 1772 2894 cum
1820 2833 2032 2894 civium
2073 2832 2280 2894 animis
2326 2851 2468 2893 con-

677 2949 980 3028 venientia.
1019 2950 1167 3020 Quid
1198 2960 1390 3011 autem
1420 2950 1649 3028 dignius
1685 2948 1775 3008 cui
1809 2947 2103 3009 attendas?
2178 3000 2181 3002 ,

756 3064 895 3132 Quae
908 3083 1040 3124 vero
1056 3064 1339 3144 principia
1354 3062 1619 3125 habuerit
1632 3060 1936 3143 peculiaris
1949 3060 2043 3120 illa
2052 3060 2473 3139 Megarensium

682 3178 932 3238 conditio
962 3178 1022 3239 si‘
1038 3178 1163 3258 quis
1192 3178 1569 3258 indagaverit,
1597 3184 1831 3258 apparet
1859 3195 1985 3236 eam
2011 3175 2193 3236 serius
2214 3183 2471 3236 tantum-·

681 3293 849 3352 modo
879 3293 938 3351 in
963 3293 1257 3373 republica
1290 3294 1628 3374 productam
1651 3312 1773 3353 esse
1798 3316 1811 3367 ;
1843 3301 1899 3352 at
1934 3290 2215 3351 civitatem
2245 3307 2468 3363 eorum,

683 3405 1012 3485 priusquam
1039 3407 1207 3466 firmo
1237 3407 1436 3467 ordine
1460 3414 1923 3487 componeretur,
1958 3404 2195 3464 diversis
2221 3403 2474 3465 motibus

683 3519 1010 3600 turbisque,
1066 3521 1212 3582 sicut
1243 3522 1541 3602 plerasque
1581 3529 1949 3595 caeterarum,
1998 3518 2264 3599 agitatam
2304 3517 2475 3579 fuisse
