2800 4368
796 196 834 234 s

1370 300 1449 308 -—
1491 262 1608 323 112
1652 300 1731 309 --

648 416 798 468 recte
827 404 1158 482 intelligere.
1200 402 1497 482 Nusquam
1527 413 1718 464 autem
1748 404 1941 466 minus
1972 425 2143 485 quam
2170 407 2229 466 in
2267 404 2434 469 Grae—

650 521 735 581 cia
756 569 770 594 ,
820 539 851 578 a
877 517 994 578 suis
1026 516 1383 595 temporibus
1409 516 1620 596 scripta
1673 516 1926 596 disjungi
1965 529 2239 598 possunt;
2300 541 2444 583 nus-

647 652 818 713 quam
847 630 1029 710 magis
1063 630 1205 690 facta
1253 629 1559 709 praesentia
1608 639 1954 709 praesentem
2032 651 2265 693 morum
2316 635 2444 694 ani-

646 765 987 824 morumque
1031 744 1290 805 habitum
1354 744 1618 804 retulere.
1687 744 1763 804 Ut
1815 745 2154 825 scriptorem
2199 747 2447 827 aliquem

646 879 980 939 cognoscas,
1049 858 1440 937 cognoscenda
1495 867 1578 918 est
1612 857 1734 937 ejus
1782 859 1999 938 patria;
2062 860 2201 939 quin
2231 839 2434 935 etiam,

644 991 822 1051 quum
859 970 1094 1032 Graeciae
1125 970 1330 1030 diversi
1369 971 1567 1050 populi
1589 979 1671 1031 tot
1699 970 1849 1032 inter
1879 991 1939 1032 se
1976 973 2307 1033 communia
2338 974 2444 1034 ha-

643 1085 908 1160 buerint,
954 1094 1035 1145 tot
1076 1084 1321 1144 vinculis
1350 1084 1566 1163 juncti,
1613 1096 1730 1145 tam
1783 1086 2092 1166 multiplici
2128 1095 2295 1166 atque
2329 1086 2447 1147 acri

642 1199 1004 1261 aemulatione
1033 1197 1127 1258 alii
1158 1197 1219 1256 in
1245 1196 1387 1257 alios
1412 1197 1624 1257 fuerint
1657 1197 1945 1273 instincti,
1996 1218 2112 1259 non
2143 1199 2324 1279 patria
2348 1219 2445 1261 so-

641 1316 759 1375 lum
790 1315 1066 1395 cujusque
1097 1310 1396 1391 scriptoris
1429 1360 1443 1386 ,
1478 1311 1576 1371 sed
1613 1311 1787 1372 etiam
1823 1323 2078 1392 cognatae
2098 1362 2111 1388 ,
2145 1314 2215 1374 de
2238 1314 2447 1393 quibus

642 1429 892 1508 loquitur
914 1476 927 1502 ,
963 1425 1212 1505 civitates
1250 1425 1666 1504 cognoscendae
1702 1435 1913 1485 essent.
1970 1426 2093 1487 Hoc
2151 1427 2210 1486 in
2263 1426 2445 1488 Athe-

642 1540 938 1603 niensibus
991 1539 1387 1620 perspicuum.
1440 1536 1550 1607 Qui
1595 1538 1896 1618 profectO,
1949 1548 2012 1600 ut
2066 1539 2447 1618 ingenuarum

641 1655 849 1715 artium
887 1654 1051 1715 laude
1085 1652 1346 1713 omnium
1380 1651 1544 1713 facile
1587 1652 1916 1733 principes,
1975 1653 2134 1732 digni
2183 1662 2317 1714 sunt
2349 1652 2446 1733 qui

641 1767 814 1846 primi
862 1769 997 1827 cura
1051 1765 1325 1845 singulari
1379 1765 1791 1845 inspiciantur;
1841 1785 2027 1845 neque
2066 1776 2260 1827 tamen
2289 1774 2446 1827 recto

641 1883 1039 1963 expendentur
1079 1880 1300 1960 judicio
1323 1929 1337 1955 ,
1378 1879 1492 1940 nisi
1522 1899 1655 1939 cum
1694 1879 1819 1940 aliis
1856 1880 2170 1960 comparati
2202 1899 2307 1942 nos
2336 1882 2443 1941 do-

642 1997 865 2058 cuerint
911 1996 1199 2074 quomodo
1240 1993 1352 2054 illis
1383 1978 1596 2054 fuerint
1631 1993 1987 2073 superioreS,
2034 1995 2120 2055 vel
2157 1995 2446 2056 interdum

639 2132 765 2192 quae
794 2110 907 2170 illis
943 2108 1259 2170 mutuando
1306 2107 1700 2168 aemulandove
1744 2107 2069 2169 debuerint.

719 2227 1034 2299 Praeterea,
1104 2241 1221 2282 non
1271 2221 1762 2300 quemadmodum
1819 2222 2311 2290 excellentissimi,
2369 2223 2446 2284 ita

639 2341 742 2401 soli
769 2339 1067 2400 eminuere
1096 2360 1109 2411 ;
1135 2336 1232 2416 qui
1259 2354 1331 2395 ne
1369 2335 1563 2395 omnia
1587 2335 1819 2414 quidem
1834 2354 2043 2414 genera
2068 2337 2183 2396 sint
2205 2336 2441 2417 experti.

639 2453 1028 2525 Quamobrem
1064 2448 1110 2511 si
1157 2458 1336 2510 totam
1380 2449 1718 2510 Graecarum
1753 2448 1966 2509 artium
2012 2449 2446 2530 litterarumque

637 2568 979 2648 imaginem,
1014 2575 1287 2644 tanquam
1330 2562 1707 2642 magnificum
1745 2561 2086 2638 aedificium,
2128 2563 2445 2626 instaurare

637 2682 1038 2754 instituamus,
1097 2676 1460 2758 praecipuum
1501 2695 1635 2736 sane
1705 2675 1900 2736 locum
1962 2676 2211 2738 habeant
2261 2676 2442 2738 Athe-

552 2800 561 2803 ”
636 2798 899 2868 nienses3
955 2793 1053 2855 sed
1091 2791 1235 2850 infra
1274 2799 1328 2850 et
1385 2789 1606 2849 circum
1650 2789 1846 2849 multae
1897 2790 2057 2850 sedes
2089 2790 2213 2850 aliis
2264 2810 2445 2852 reser-

634 2919 855 2971 ventur.
898 2907 1050 2967 Inter
1071 2925 1238 2984 quas,
1272 2903 1316 2964 si
1349 2921 1465 2963 non
1492 2902 1694 2983 primae
1726 2952 1740 2977 ,
1786 2903 2033 2964 multum
2057 2905 2226 2965 abest
2256 2913 2441 2966 ut‘ex-

633 3032 830 3083 tremae
852 3017 1304 3098 Megarensibus
1341 3015 1674 3076 addicendae
1710 3015 1843 3076 sint.

711 3134 790 3194 Ita
815 3134 1051 3192 fortasse
1082 3137 1315 3209 apparet
1338 3127 1474 3207 quid
1509 3128 1731 3207 assequi
1768 3128 1990 3208 possint
2017 3129 2275 3191 utilitatis
2307 3130 2439 3209 qui-

636 3265 882 3326 cumque
916 3245 986 3305 de
1011 3242 1250 3322 singulis
1281 3241 1518 3303 Graeciae
1543 3242 1809 3320 gentibus
1837 3242 1987 3303 idem
2019 3243 2259 3305 fecerint
2290 3245 2442 3325 quod

632 3364 701 3422 de
735 3356 1170 3438 Megarensibus
1195 3354 1425 3429 tentavi,
1463 3354 1578 3415 sive
1612 3356 1682 3416 ad
1705 3354 1878 3416 unius
1915 3355 2175 3431 civitatis,
2216 3357 2329 3419 sive
2370 3358 2442 3419 ad

635 3474 870 3537 Graeciae
937 3471 1215 3532 universae
1291 3468 1677 3547 cognitionem
1751 3479 1997 3549 spectes.
2073 3471 2203 3531 Non
2281 3471 2441 3533 enim
