2860 4380
1411 350 1698 393 ...Π-

656 481 867 561 illapsae
898 477 1184 538 interdurn
1221 484 1374 551 sunt,
1404 477 1543 536 dum
1579 476 1729 536 inter
1764 476 2069 538 semirutos
2097 496 2296 542 muros
2328 481 2448 544 dis-

647 594 909 674 jectaque
930 589 1142 650 aedium
1166 608 1294 650 saxa
1325 588 1476 648 ultro
1513 589 1894 650 occurrebant
1923 590 2196 670 praeteriti
2226 592 2455 657 decoris
2484 647 2488 649 ,

653 702 1095 766 recordationes.
1129 701 1214 763 Ac
1256 701 1472 762 mirum
1518 700 1750 780 quidem
1795 701 1856 760 in
1899 703 2138 764 modum
2185 715 2452 769 constans

650 815 790 876 illud
822 816 1012 876 luctus
1050 813 1440 894 spectaculum
1484 813 1768 874 variavere
1810 813 2047 876 diversae
2086 817 2451 879 eversionum

649 929 852 1004 facieS,
880 927 1016 1003 sive,
1052 926 1200 988 sicut
1220 926 1483 1001 Athenis,
1520 945 1681 986 novae
1714 926 1878 988 urbis
1913 926 2121 990 domos
2157 938 2213 990 et
2237 930 2448 1010 palatia

646 1041 976 1103 etiamnunc
1015 1060 1047 1101 e
1087 1042 1313 1101 summa
1353 1058 1485 1101 arce
1529 1047 1826 1119 protegere
1864 1040 2129 1102 videntur
2188 1043 2440 1123 templo-

646 1174 776 1216 rum
795 1153 1081 1234 reliquiae3
1119 1153 1254 1227 sive,
1274 1152 1432 1213 'sicut
1465 1151 1720 1232 Delphis,
1760 1153 1890 1222 vilia
1918 1153 2068 1214 inter
2097 1154 2328 1234 tuguria
2355 1155 2446 1216 vix

644 1268 894 1329 emicant
933 1286 1059 1328 saxa
1103 1265 1349 1344 aliquot,
1391 1264 1528 1323 olim
1567 1273 1784 1326 sacrata
1814 1265 2070 1355 Phoeh03
2109 1266 2226 1327 sive
2264 1266 2445 1328 etiam

642 1392 739 1443 aut
774 1382 833 1441 in
877 1379 1114 1441 desertis
1156 1377 1397 1438 vallibus
1437 1378 1610 1438 urbes
1631 1426 1645 1451 ‚
1687 1377 1872 1439 muris
1900 1378 2058 1439 inani
2095 1380 2277 1460 spatio
2327 1381 2445 1442 cir-

643 1494 997 1569 cumductis,
1039 1492 1273 1572 sepultae
1303 1491 1630 1566 dormiunt,
1665 1500 1762 1551 aut
1802 1492 2061 1572 abruptis
2104 1493 2164 1553 in
2201 1494 2447 1575 rupibus

639 1619 839 1671 trunca
875 1606 1238 1668 castellorum
1263 1604 1476 1666 moenia
1498 1603 1758 1665 faucibus
1787 1605 2075 1666 montium
2104 1607 2435 1685 imminent,

640 1723 797 1784 nullo
827 1721 949 1802 jam
974 1720 1045 1781 ab
1073 1721 1238 1781 hoste
1276 1717 1578 1798 superatis.
1606 1716 1682 1778 At
1703 1718 1945 1798 Megarae
1970 1719 2262 1799 imprimis
2281 1770 2295 1797 ,
2335 1721 2443 1783 etsi

638 1836 775 1896 alias
808 1834 1041 1914 majoris
1075 1833 1326 1913 profecto
1365 1832 1685 1912 splendoris
1715 1843 2092 1894 monumenta
2129 1835 2216 1894 vel
2255 1835 2442 1915 magis

637 1948 953 2008 deformem
982 1947 1307 2008 vastationis
1345 1945 1595 2026 speciem
1637 1945 1828 2006 videre
1861 1954 1974 2023 est,
2012 1955 2207 2008 tamen
2238 1948 2437 2010 nescio

637 2064 746 2141 qua
778 2062 1038 2124 locorum
1072 2060 1126 2120 vi
1167 2060 1432 2134 efficitur,
1466 2068 1531 2120 ut
1563 2060 1959 2123 accedentium
1990 2061 2168 2122 animi
2204 2063 2276 2124 ad
2309 2051 2441 2125 sin-¹

635 2174 890 2253 gularem
915 2173 1221 2253 quamdam
1250 2171 1580 2233 moestitiam
1605 2171 1775 2232 simul
1806 2181 1860 2232 et
1891 2173 2067 2253 prisci
2105 2175 2210 2235 aevi
2243 2160 2435 2237 medi-

636 2287 909 2348 tationem
939 2295 1141 2367 sponte
1171 2305 1294 2347 sese
1328 2271 1643 2346 inflectant.

722 2402 885 2473 Quali
929 2401 1083 2462 enim
1113 2400 1311 2462 habitu
1356 2400 1612 2480 primum
1645 2419 1708 2460 se
1740 2400 1989 2461 offerunt
2040 2402 2433 2465 circumstan-

634 2517 731 2591 tia,
777 2525 832 2576 et
874 2524 1083 2594 quanto
1132 2514 1315 2593 magis
1359 2513 1529 2575 etiam
1564 2522 1760 2574 nostro
1792 2516 2041 2595 tempori
2091 2515 2439 2578 conveniant

637 2628 917 2710 simplicia
945 2628 1039 2688 illa
1069 2636 1126 2688 et
1155 2627 1399 2689 tristitiae
1436 2646 1502 2687 ac
1538 2626 1721 2687 solatii
1746 2628 1925 2713 >plena
1967 2628 2207 2709 Sulpicii
2237 2629 2434 2706 verba,

636 2762 856 2822 aegrum
898 2741 1188 2802 Ciceronis
1231 2741 1490 2801 animum
1542 2740 1872 2801 refoventis!
1922 2763 1950 2799 c<
1982 2743 1996 2773 ¹
2036 2743 2119 2802 Ex
2177 2742 2312 2803 Asia
2353 2761 2447 2804 re·-

640 2881 674 2917 »
694 2859 876 2934 diem,
924 2858 1135 2933 aiebat,
1163 2877 1342 2938 quum
1378 2858 1450 2919 ab
1474 2857 1682 2938 AEgina
1710 2858 1997 2938 Megaram
2038 2879 2235 2920 versus
2272 2859 2440 2919 navi·-

640 2994 669 3031 »
693 2991 923 3052 garem,
965 2971 1113 3052 coepi
1147 2972 1409 3051 regiones
1459 2971 1845 3032 circumcircav
1888 2973 2240 3053 prospicere.
2298 2974 2444 3035 Post

642 3108 670 3142 »
696 3103 790 3146 me
825 3093 944 3146 erat
969 3083 1212 3164 AEgina;
1242 3094 1376 3146 ante
1394 3084 1658 3164 Megara;
1697 3085 1886 3156 dextra
1919 3085 2141 3148 Piraeus
2165 3111 2179 3162 ;
2206 3086 2446 3148 sinistffi‘

642 3223 673 3258 »
696 3200 1001 3260 Corinthus
1030 3221 1041 3257 :
1071 3218 1197 3279 quae
1234 3198 1440 3280 oppida
1465 3200 1713 3279 quodam
1743 3209 2003 3281 tempore
2025 3201 2439 3263 florentissima

643 3335 670 3371 »
695 3314 955 3405 fuerunt,
995 3332 1150 3373 nunc
1188 3321 1465 3392 prostrata
1502 3322 1558 3373 et
1587 3314 1773 3375 diruta
1819 3324 1948 3376 ante
1993 3316 2190 3378 oculos
2213 3316 2434 3396 jacent.

706 3566 721 3592 ¹
759 3561 920 3612 Cicer.
945 3561 1106 3626 Epist.
1135 3561 1195 3611 ad
1222 3561 1343 3619 div„
1377 3561 1454 3619 lV,
1483 3562 1530 3608 5.
