<?xml version="1.0" encoding="UTF-8"?>
<!DOCTYPE html PUBLIC "-//W3C//DTD XHTML 1.0 Transitional//EN"
    "http://www.w3.org/TR/xhtml1/DTD/xhtml1-transitional.dtd">
<html xmlns="http://www.w3.org/1999/xhtml" xml:lang="en" lang="en">
 <head>
  <title>
</title>
<meta http-equiv="Content-Type" content="text/html;charset=utf-8" />
  <meta name='ocr-system' content='tesseract 3.04.00' />
  <meta name='ocr-capabilities' content='ocr_page ocr_carea ocr_par ocr_line ocrx_word'/>
</head>
<body>
  <div class='ocr_page' id='page_1' title='image "./demegarensiuming00gira_0058.png"; bbox 0 0 2800 4368; ppageno 0'>
   <div class='ocr_carea' id='block_1_1' title="bbox 853 102 1753 311">
    <p class='ocr_par' dir='ltr' id='par_1_1' title="bbox 853 102 1753 311">
     <span class='ocr_line' id='line_1_1' title="bbox 853 102 892 201; baseline 0 0"><span class='ocrx_word' id='word_1_1' title='bbox 853 102 892 201; x_wconf 62' lang='lat'>&#39;-</span> 
     </span>
     <span class='ocr_line' id='line_1_2' title="bbox 1433 251 1753 311; baseline 0.006 -17"><span class='ocrx_word' id='word_1_2' title='bbox 1433 251 1753 311; x_wconf 64' lang='grc'>,46-</span> 
     </span>
    </p>
   </div>
   <div class='ocr_carea' id='block_1_2' title="bbox 650 386 2495 1386">
    <p class='ocr_par' dir='ltr' id='par_1_2' title="bbox 650 386 2495 1266">
     <span class='ocr_line' id='line_1_3' title="bbox 699 386 2493 479; baseline 0.006 -28"><span class='ocrx_word' id='word_1_3' title='bbox 699 386 927 453; x_wconf 87' lang='lat' dir='ltr'>Etenim</span> <span class='ocrx_word' id='word_1_4' title='bbox 993 411 1059 451; x_wconf 90' lang='lat' dir='ltr'>ex</span> <span class='ocrx_word' id='word_1_5' title='bbox 1109 390 1364 452; x_wconf 90' lang='lat' dir='ltr'>oratione</span> <span class='ocrx_word' id='word_1_6' title='bbox 1414 391 1816 453; x_wconf 82' lang='lat' dir='ltr'>Demosthenis</span> <span class='ocrx_word' id='word_1_7' title='bbox 1885 403 2002 475; x_wconf 84' lang='grc' dir='ltr'><em>Περὶ</em></span> <span class='ocrx_word' id='word_1_8' title='bbox 2061 407 2493 479; x_wconf 68' lang='grc' dir='ltr'>Παραπρεσὸείας,</span> 
     </span>
     <span class='ocr_line' id='line_1_4' title="bbox 701 502 2492 591; baseline 0.006 -28"><span class='ocrx_word' id='word_1_9' title='bbox 701 503 922 584; x_wconf 82' lang='lat' dir='ltr'>Olymp.</span> <span class='ocrx_word' id='word_1_10' title='bbox 954 502 1094 578; x_wconf 78' lang='lat'>109,</span> <span class='ocrx_word' id='word_1_11' title='bbox 1123 504 1152 562; x_wconf 81' lang='lat'><strong>1</strong></span> <span class='ocrx_word' id='word_1_12' title='bbox 1192 504 1412 579; x_wconf 79' lang='lat' dir='ltr'>habita,</span> <span class='ocrx_word' id='word_1_13' title='bbox 1453 505 1644 584; x_wconf 89' lang='lat' dir='ltr'>putari</span> <span class='ocrx_word' id='word_1_14' title='bbox 1673 515 1886 585; x_wconf 90' lang='lat' dir='ltr'>potest,</span> <span class='ocrx_word' id='word_1_15' title='bbox 1921 517 2060 569; x_wconf 86' lang='lat' dir='ltr'>tunc</span> <span class='ocrx_word' id='word_1_16' title='bbox 2085 508 2265 570; x_wconf 90' lang='lat' dir='ltr'>civem</span> <span class='ocrx_word' id='word_1_17' title='bbox 2287 531 2492 591; x_wconf 85' lang='lat' dir='ltr'>quem-</span> 
     </span>
     <span class='ocr_line' id='line_1_5' title="bbox 650 616 2494 698; baseline 0.006 -22"><span class='ocrx_word' id='word_1_18' title='bbox 650 634 655 640; x_wconf 86' lang='lat'><strong>·</strong></span> <span class='ocrx_word' id='word_1_19' title='bbox 699 617 829 677; x_wconf 91' lang='lat' dir='ltr'>dam</span> <span class='ocrx_word' id='word_1_20' title='bbox 867 616 1270 692; x_wconf 80' lang='lat' dir='ltr'>Ptoeodorum,</span> <span class='ocrx_word' id='word_1_21' title='bbox 1327 636 1433 698; x_wconf 93' lang='lat' dir='ltr'>ope</span> <span class='ocrx_word' id='word_1_22' title='bbox 1472 617 1758 698; x_wconf 91' lang='lat' dir='ltr'>Philippi,</span> <span class='ocrx_word' id='word_1_23' title='bbox 1807 620 1954 681; x_wconf 88' lang='lat' dir='ltr'>sicut</span> <span class='ocrx_word' id='word_1_24' title='bbox 1995 622 2054 681; x_wconf 90' lang='lat' dir='ltr'>in</span> <span class='ocrx_word' id='word_1_25' title='bbox 2097 621 2221 682; x_wconf 90' lang='lat' dir='ltr'>aliis</span> <span class='ocrx_word' id='word_1_26' title='bbox 2254 624 2494 687; x_wconf 85' lang='lat' dir='ltr'>urbibus</span> 
     </span>
     <span class='ocr_line' id='line_1_6' title="bbox 698 730 2495 812; baseline 0.005 -24"><span class='ocrx_word' id='word_1_27' title='bbox 698 730 909 789; x_wconf 89' lang='lat' dir='ltr'>factum</span> <span class='ocrx_word' id='word_1_28' title='bbox 935 739 1090 803; x_wconf 84' lang='lat' dir='ltr'>erat,</span> <span class='ocrx_word' id='word_1_29' title='bbox 1118 731 1421 810; x_wconf 81' lang='lat' dir='ltr'>tyrannide</span> <span class='ocrx_word' id='word_1_30' title='bbox 1445 731 1725 811; x_wconf 89' lang='lat' dir='ltr'>potitum:</span> <span class='ocrx_word' id='word_1_31' title='bbox 1754 733 1915 812; x_wconf 90' lang='lat' dir='ltr'>prius</span> <span class='ocrx_word' id='word_1_32' title='bbox 1936 744 2128 795; x_wconf 90' lang='lat' dir='ltr'>autem</span> <span class='ocrx_word' id='word_1_33' title='bbox 2147 784 2161 810; x_wconf 86' lang='lat'>,</span> <span class='ocrx_word' id='word_1_34' title='bbox 2188 737 2495 798; x_wconf 68' lang='lat' dir='ltr'>aristocra-</span> 
     </span>
     <span class='ocr_line' id='line_1_7' title="bbox 698 842 2491 929; baseline 0.004 -28"><span class='ocrx_word' id='word_1_35' title='bbox 698 842 838 902; x_wconf 79' lang='lat' dir='ltr'>tiam</span> <span class='ocrx_word' id='word_1_36' title='bbox 866 861 983 903; x_wconf 93' lang='lat' dir='ltr'>non</span> <span class='ocrx_word' id='word_1_37' title='bbox 1010 843 1312 904; x_wconf 82' lang='lat' dir='ltr'>invalidam</span> <span class='ocrx_word' id='word_1_38' title='bbox 1342 844 1516 906; x_wconf 88' lang='lat' dir='ltr'>fuisse</span> <span class='ocrx_word' id='word_1_39' title='bbox 1538 895 1551 920; x_wconf 92' lang='lat'>,</span> <span class='ocrx_word' id='word_1_40' title='bbox 1584 864 1763 924; x_wconf 87' lang='lat' dir='ltr'>quum</span> <span class='ocrx_word' id='word_1_41' title='bbox 1796 846 1917 926; x_wconf 91' lang='lat' dir='ltr'>ipse</span> <span class='ocrx_word' id='word_1_42' title='bbox 1939 848 2278 909; x_wconf 90' lang='lat' dir='ltr'>Ptoeodorus</span> <span class='ocrx_word' id='word_1_43' title='bbox 2310 871 2338 906; x_wconf 79' lang='lat' dir='ltr'>c&lt;</span> <span class='ocrx_word' id='word_1_44' title='bbox 2364 851 2491 929; x_wconf 89' lang='lat' dir='ltr'>opi-</span> 
     </span>
     <span class='ocr_line' id='line_1_8' title="bbox 696 956 2494 1040; baseline 0.004 -25"><span class='ocrx_word' id='word_1_45' title='bbox 696 956 831 1031; x_wconf 79' lang='lat' dir='ltr'>buS,</span> <span class='ocrx_word' id='word_1_46' title='bbox 876 976 1085 1036; x_wconf 82' lang='lat' dir='ltr'>genere</span> <span class='ocrx_word' id='word_1_47' title='bbox 1126 968 1182 1020; x_wconf 93' lang='lat' dir='ltr'>et</span> <span class='ocrx_word' id='word_1_48' title='bbox 1219 959 1555 1019; x_wconf 87' lang='lat' dir='ltr'>auctoritate</span> <span class='ocrx_word' id='word_1_49' title='bbox 1600 960 1871 1040; x_wconf 88' lang='lat' dir='ltr'>princeps</span> <span class='ocrx_word' id='word_1_50' title='bbox 1916 961 2371 1040; x_wconf 85' lang='lat' dir='ltr'>Megarensium¹</span> <span class='ocrx_word' id='word_1_51' title='bbox 2401 985 2430 1021; x_wconf 65' lang='lat'>1&gt;</span> <span class='ocrx_word' id='word_1_52' title='bbox 2462 984 2494 1024; x_wconf 90' lang='lat' dir='ltr'>a</span> 
     </span>
     <span class='ocr_line' id='line_1_9' title="bbox 695 1052 2495 1155; baseline 0.004 -26"><span class='ocrx_word' id='word_1_53' title='bbox 695 1070 1077 1134; x_wconf 83' lang='lat' dir='ltr'>Demosthene</span> <span class='ocrx_word' id='word_1_54' title='bbox 1125 1073 1365 1134; x_wconf 89' lang='lat' dir='ltr'>dicatur.</span> <span class='ocrx_word' id='word_1_55' title='bbox 1441 1052 1634 1152; x_wconf 78' lang='lat' dir='ltr'>Itaqiie</span> <span class='ocrx_word' id='word_1_56' title='bbox 1682 1074 1750 1134; x_wconf 91' lang='lat' dir='ltr'>de</span> <span class='ocrx_word' id='word_1_57' title='bbox 1795 1075 1888 1134; x_wconf 82' lang='lat' dir='ltr'>illa</span> <span class='ocrx_word' id='word_1_58' title='bbox 1944 1076 2311 1136; x_wconf 69' lang='lat' dir='ltr'>aristocracid</span> <span class='ocrx_word' id='word_1_59' title='bbox 2359 1075 2495 1155; x_wconf 90' lang='lat' dir='ltr'>quid</span> 
     </span>
     <span class='ocr_line' id='line_1_10' title="bbox 694 1187 1568 1266; baseline 0 -21"><span class='ocrx_word' id='word_1_60' title='bbox 694 1204 863 1248; x_wconf 90' lang='lat' dir='ltr'>nosse</span> <span class='ocrx_word' id='word_1_61' title='bbox 898 1187 1093 1261; x_wconf 86' lang='lat' dir='ltr'>liceat,</span> <span class='ocrx_word' id='word_1_62' title='bbox 1134 1187 1568 1266; x_wconf 89' lang='lat' dir='ltr'>inquirendum.</span> 
     </span>
    </p>

    <p class='ocr_par' dir='ltr' id='par_1_3' title="bbox 779 1300 2493 1386">
     <span class='ocr_line' id='line_1_11' title="bbox 779 1300 2493 1386; baseline 0.004 -26"><span class='ocrx_word' id='word_1_63' title='bbox 779 1300 996 1381; x_wconf 87' lang='lat' dir='ltr'>Conjiei</span> <span class='ocrx_word' id='word_1_64' title='bbox 1039 1309 1223 1381; x_wconf 88' lang='lat' dir='ltr'>potest</span> <span class='ocrx_word' id='word_1_65' title='bbox 1263 1300 1602 1361; x_wconf 88' lang='lat' dir='ltr'>Doriensem</span> <span class='ocrx_word' id='word_1_66' title='bbox 1647 1302 2095 1381; x_wconf 85' lang='lat' dir='ltr'>aristocratiam,</span> <span class='ocrx_word' id='word_1_67' title='bbox 2149 1307 2493 1386; x_wconf 88' lang='lat' dir='ltr'>procedente</span> 
     </span>
    </p>
   </div>
   <div class='ocr_carea' id='block_1_3' title="bbox 688 1490 2493 2176">
    <p class='ocr_par' dir='ltr' id='par_1_4' title="bbox 691 1490 2488 1642">
     <span class='ocr_line' id='line_1_12' title="bbox 691 1490 2488 1559; baseline 0.003 -18"><span class='ocrx_word' id='word_1_68' title='bbox 691 1491 962 1551; x_wconf 82' lang='lat' dir='ltr'>exstitisse,</span> <span class='ocrx_word' id='word_1_69' title='bbox 983 1499 1035 1541; x_wconf 93' lang='lat' dir='ltr'>et</span> <span class='ocrx_word' id='word_1_70' title='bbox 1061 1491 1123 1540; x_wconf 93' lang='lat' dir='ltr'>ab</span> <span class='ocrx_word' id='word_1_71' title='bbox 1144 1490 1470 1554; x_wconf 80' lang='lat' dir='ltr'>optimatibus</span> <span class='ocrx_word' id='word_1_72' title='bbox 1494 1491 1750 1541; x_wconf 88' lang='lat' dir='ltr'>nonnullis</span> <span class='ocrx_word' id='word_1_73' title='bbox 1773 1491 1959 1542; x_wconf 87' lang='lat' dir='ltr'>frustra</span> <span class='ocrx_word' id='word_1_74' title='bbox 1983 1494 2326 1559; x_wconf 86' lang='lat' dir='ltr'>impugnatam</span> <span class='ocrx_word' id='word_1_75' title='bbox 2360 1511 2488 1558; x_wconf 90' lang='lat' dir='ltr'>esse,</span> 
     </span>
     <span class='ocr_line' id='line_1_13' title="bbox 691 1576 1317 1642; baseline -0.002 -16"><span class='ocrx_word' id='word_1_76' title='bbox 691 1576 815 1627; x_wconf 86' lang='lat' dir='ltr'>falso</span> <span class='ocrx_word' id='word_1_77' title='bbox 839 1577 1130 1642; x_wconf 87' lang='lat' dir='ltr'>conjiciunt.</span> <span class='ocrx_word' id='word_1_78' title='bbox 1158 1577 1282 1626; x_wconf 91' lang='lat' dir='ltr'>Nam</span> <span class='ocrx_word' id='word_1_79' title='bbox 1306 1594 1317 1625; x_wconf 94' lang='lat'><strong>:</strong></span> 
     </span>
    </p>

    <p class='ocr_par' dir='ltr' id='par_1_5' title="bbox 688 1665 2493 2176">
     <span class='ocr_line' id='line_1_14' title="bbox 757 1665 2491 1735; baseline 0.004 -21"><span class='ocrx_word' id='word_1_80' title='bbox 757 1668 810 1714; x_wconf 82' lang='lat'>‘1⁰</span> <span class='ocrx_word' id='word_1_81' title='bbox 843 1666 968 1730; x_wconf 85' lang='lat' dir='ltr'>Ipsis</span> <span class='ocrx_word' id='word_1_82' title='bbox 1016 1666 1219 1716; x_wconf 73' lang='lat' dir='ltr'>Diodori</span> <span class='ocrx_word' id='word_1_83' title='bbox 1274 1665 1441 1715; x_wconf 77' lang='lat' dir='ltr'>verbis</span> <span class='ocrx_word' id='word_1_84' title='bbox 1461 1703 1474 1725; x_wconf 92' lang='lat'>,</span> <span class='ocrx_word' id='word_1_85' title='bbox 1539 1686 1557 1711; x_wconf 73' lang='grc' dir='ltr'>α</span> <span class='ocrx_word' id='word_1_86' title='bbox 1583 1672 1924 1732; x_wconf 76' lang='grc' dir='ltr'>ἐπιχειρήσαντές</span> <span class='ocrx_word' id='word_1_87' title='bbox 1972 1690 2077 1724; x_wconf 83' lang='grc' dir='ltr'><strong><em>τινες</em></strong></span> <span class='ocrx_word' id='word_1_88' title='bbox 2115 1680 2378 1735; x_wconf 78' lang='grc' dir='ltr'>μεταστῆσαι</span> <span class='ocrx_word' id='word_1_89' title='bbox 2417 1680 2491 1727; x_wconf 82' lang='grc' dir='ltr'>τὴν</span> 
     </span>
     <span class='ocr_line' id='line_1_15' title="bbox 691 1757 2491 1823; baseline 0.003 -18"><span class='ocrx_word' id='word_1_90' title='bbox 691 1761 896 1806; x_wconf 75' lang='grc' dir='ltr'>πολιτείαν</span> <span class='ocrx_word' id='word_1_91' title='bbox 913 1792 924 1811; x_wconf 94' lang='grc'>,</span> <span class='ocrx_word' id='word_1_92' title='bbox 953 1775 973 1802; x_wconf 81' lang='lat'><strong>»</strong></span> <span class='ocrx_word' id='word_1_93' title='bbox 1003 1765 1054 1805; x_wconf 81' lang='lat' dir='ltr'>et</span> <span class='ocrx_word' id='word_1_94' title='bbox 1069 1794 1082 1816; x_wconf 94' lang='lat'>‚</span> <span class='ocrx_word' id='word_1_95' title='bbox 1118 1760 1420 1822; x_wconf 51' lang='grc' dir='ltr'>(κρατηθέντες</span> <span class='ocrx_word' id='word_1_96' title='bbox 1444 1760 1524 1805; x_wconf 81' lang='grc' dir='ltr'>ὑπὸ</span> <span class='ocrx_word' id='word_1_97' title='bbox 1557 1765 1629 1805; x_wconf 77' lang='grc' dir='ltr'>τοῦ</span> <span class='ocrx_word' id='word_1_98' title='bbox 1654 1758 1782 1823; x_wconf 69' lang='grc' dir='ltr'>δήμου</span> <span class='ocrx_word' id='word_1_99' title='bbox 1801 1792 1813 1814; x_wconf 90' lang='grc'>,</span> <span class='ocrx_word' id='word_1_100' title='bbox 1839 1777 1858 1803; x_wconf 86' lang='grc'>))</span> <span class='ocrx_word' id='word_1_101' title='bbox 1896 1772 2062 1821; x_wconf 80' lang='lat' dir='ltr'>neque</span> <span class='ocrx_word' id='word_1_102' title='bbox 2085 1757 2244 1808; x_wconf 71' lang='lat' dir='ltr'>forma</span> <span class='ocrx_word' id='word_1_103' title='bbox 2264 1761 2368 1810; x_wconf 79' lang='lat' dir='ltr'>ulla</span> <span class='ocrx_word' id='word_1_104' title='bbox 2391 1761 2491 1810; x_wconf 77' lang='lat' dir='ltr'>rei·-</span> 
     </span>
     <span class='ocr_line' id='line_1_16' title="bbox 689 1844 2493 1912; baseline 0.002 -16"><span class='ocrx_word' id='word_1_105' title='bbox 689 1846 904 1910; x_wconf 89' lang='lat' dir='ltr'>publicae</span> <span class='ocrx_word' id='word_1_106' title='bbox 928 1845 1132 1909; x_wconf 83' lang='lat' dir='ltr'>proprie</span> <span class='ocrx_word' id='word_1_107' title='bbox 1156 1844 1432 1904; x_wconf 90' lang='lat' dir='ltr'>indicatur,</span> <span class='ocrx_word' id='word_1_108' title='bbox 1460 1859 1626 1907; x_wconf 87' lang='lat' dir='ltr'>neque</span> <span class='ocrx_word' id='word_1_109' title='bbox 1658 1845 1941 1895; x_wconf 82' lang='lat' dir='ltr'>necessario</span> <span class='ocrx_word' id='word_1_110' title='bbox 1959 1845 2272 1910; x_wconf 82' lang='lat' dir='ltr'>significatur</span> <span class='ocrx_word' id='word_1_111' title='bbox 2294 1861 2323 1897; x_wconf 90' lang='lat' dir='ltr'>a</span> <span class='ocrx_word' id='word_1_112' title='bbox 2342 1847 2493 1912; x_wconf 85' lang='lat' dir='ltr'>plebe</span> 
     </span>
     <span class='ocr_line' id='line_1_17' title="bbox 689 1931 2491 2000; baseline 0.001 -15"><span class='ocrx_word' id='word_1_113' title='bbox 689 1949 858 1985; x_wconf 90' lang='lat' dir='ltr'>rerum</span> <span class='ocrx_word' id='word_1_114' title='bbox 874 1931 1075 1984; x_wconf 78' lang='lat' dir='ltr'>domina</span> <span class='ocrx_word' id='word_1_115' title='bbox 1092 1933 1358 1997; x_wconf 85' lang='lat' dir='ltr'>optimates</span> <span class='ocrx_word' id='word_1_116' title='bbox 1382 1932 1648 1982; x_wconf 86' lang='lat' dir='ltr'>coercitos.</span> <span class='ocrx_word' id='word_1_117' title='bbox 1679 1934 1833 1983; x_wconf 92' lang='lat' dir='ltr'>Paulo</span> <span class='ocrx_word' id='word_1_118' title='bbox 1859 1947 2011 1997; x_wconf 90' lang='lat' dir='ltr'>supra</span> <span class='ocrx_word' id='word_1_119' title='bbox 2035 1933 2087 1983; x_wconf 91' lang='lat' dir='ltr'>in</span> <span class='ocrx_word' id='word_1_120' title='bbox 2111 1935 2288 1985; x_wconf 90' lang='lat' dir='ltr'>eodem</span> <span class='ocrx_word' id='word_1_121' title='bbox 2328 1937 2491 2000; x_wconf 89' lang='lat' dir='ltr'>capite</span> 
     </span>
     <span class='ocr_line' id='line_1_18' title="bbox 690 2023 2489 2091; baseline -0.001 -19"><span class='ocrx_word' id='word_1_122' title='bbox 690 2025 829 2091; x_wconf 84' lang='grc' dir='ltr'>(μετὰ</span> <span class='ocrx_word' id='word_1_123' title='bbox 845 2030 919 2077; x_wconf 76' lang='grc' dir='ltr'>τὴν</span> <span class='ocrx_word' id='word_1_124' title='bbox 935 2028 1272 2088; x_wconf 73' lang='grc' dir='ltr'>συγχωρηθεῖσαν</span> <span class='ocrx_word' id='word_1_125' title='bbox 1293 2031 1377 2076; x_wconf 87' lang='grc' dir='ltr'>τοῖς</span> <span class='ocrx_word' id='word_1_126' title='bbox 1393 2023 1533 2087; x_wconf 79' lang='grc' dir='ltr'>δήμοις</span> <span class='ocrx_word' id='word_1_127' title='bbox 1550 2024 1820 2087; x_wconf 74' lang='grc' dir='ltr'>αὐτονομίαν)</span> <span class='ocrx_word' id='word_1_128' title='bbox 1842 2035 1940 2072; x_wconf 86' lang='lat' dir='ltr'>VOX</span> <span class='ocrx_word' id='word_1_129' title='bbox 1957 2024 2081 2089; x_wconf 78' lang='grc' dir='ltr'>δῆμος</span> <span class='ocrx_word' id='word_1_130' title='bbox 2097 2037 2248 2073; x_wconf 83' lang='lat' dir='ltr'>sensu</span> <span class='ocrx_word' id='word_1_131' title='bbox 2265 2023 2489 2088; x_wconf 76' lang='lat' dir='ltr'>generali</span> 
     </span>
     <span class='ocr_line' id='line_1_19' title="bbox 688 2109 2491 2176; baseline -0.001 -14"><span class='ocrx_word' id='word_1_132' title='bbox 688 2120 959 2176; x_wconf 89' lang='lat' dir='ltr'>usurpatur</span> <span class='ocrx_word' id='word_1_133' title='bbox 978 2149 991 2171; x_wconf 90' lang='lat'>,</span> <span class='ocrx_word' id='word_1_134' title='bbox 1019 2110 1203 2160; x_wconf 90' lang='lat' dir='ltr'>nedum</span> <span class='ocrx_word' id='word_1_135' title='bbox 1233 2109 1449 2173; x_wconf 85' lang='lat' dir='ltr'>&#39;proprie</span> <span class='ocrx_word' id='word_1_136' title='bbox 1473 2109 1672 2172; x_wconf 88' lang='lat' dir='ltr'>plebem</span> <span class='ocrx_word' id='word_1_137' title='bbox 1715 2109 2042 2173; x_wconf 84' lang='lat' dir='ltr'>optimatibus</span> <span class='ocrx_word' id='word_1_138' title='bbox 2083 2109 2365 2173; x_wconf 89' lang='lat' dir='ltr'>oppositam</span> <span class='ocrx_word' id='word_1_139' title='bbox 2405 2118 2491 2160; x_wconf 90' lang='lat' dir='ltr'>aut</span> 
     </span>
    </p>
   </div>
   <div class='ocr_carea' id='block_1_4' title="bbox 688 2196 2492 2348">
    <p class='ocr_par' dir='ltr' id='par_1_6' title="bbox 688 2196 2492 2348">
     <span class='ocr_line' id='line_1_20' title="bbox 688 2196 1667 2259; baseline -0.006 -8"><span class='ocrx_word' id='word_1_140' title='bbox 688 2201 822 2251; x_wconf 92' lang='lat' dir='ltr'>cives</span> <span class='ocrx_word' id='word_1_141' title='bbox 844 2197 1137 2248; x_wconf 62' lang='lat' dir='ltr'>democratia</span> <span class='ocrx_word' id='word_1_142' title='bbox 1161 2205 1361 2247; x_wconf 88' lang='lat' dir='ltr'>utentes</span> <span class='ocrx_word' id='word_1_143' title='bbox 1397 2196 1667 2259; x_wconf 84' lang='lat' dir='ltr'>exprimat.</span> 
     </span>
     <span class='ocr_line' id='line_1_21' title="bbox 755 2282 2492 2348; baseline -0.001 -12"><span class='ocrx_word' id='word_1_144' title='bbox 755 2289 807 2336; x_wconf 74' lang='lat'>2⁰</span> <span class='ocrx_word' id='word_1_145' title='bbox 841 2287 890 2335; x_wconf 90' lang='lat' dir='ltr'>Si</span> <span class='ocrx_word' id='word_1_146' title='bbox 915 2284 973 2336; x_wconf 78' lang='lat' dir='ltr'>ea</span> <span class='ocrx_word' id='word_1_147' title='bbox 996 2292 1294 2348; x_wconf 86' lang='lat' dir='ltr'>tempestate</span> <span class='ocrx_word' id='word_1_148' title='bbox 1324 2283 1633 2333; x_wconf 86' lang='lat' dir='ltr'>democratia</span> <span class='ocrx_word' id='word_1_149' title='bbox 1657 2282 1875 2348; x_wconf 84' lang='lat' dir='ltr'>Megarae</span> <span class='ocrx_word' id='word_1_150' title='bbox 1900 2283 2095 2348; x_wconf 83' lang='lat' dir='ltr'>vigeret</span> <span class='ocrx_word' id='word_1_151' title='bbox 2117 2322 2130 2344; x_wconf 94' lang='lat'>‚</span> <span class='ocrx_word' id='word_1_152' title='bbox 2158 2298 2365 2334; x_wconf 89' lang='lat' dir='ltr'>necesse</span> <span class='ocrx_word' id='word_1_153' title='bbox 2383 2293 2492 2335; x_wconf 87' lang='lat' dir='ltr'>erat</span> 
     </span>
    </p>
   </div>
   <div class='ocr_carea' id='block_1_5' title="bbox 683 2373 2489 3495">
    <p class='ocr_par' dir='ltr' id='par_1_7' title="bbox 686 2373 2489 2602">
     <span class='ocr_line' id='line_1_22' title="bbox 688 2373 2489 2441; baseline -0.002 -14"><span class='ocrx_word' id='word_1_154' title='bbox 688 2386 743 2427; x_wconf 90' lang='lat' dir='ltr'>ut</span> <span class='ocrx_word' id='word_1_155' title='bbox 765 2378 936 2441; x_wconf 91' lang='lat' dir='ltr'>priore</span> <span class='ocrx_word' id='word_1_156' title='bbox 960 2376 1128 2439; x_wconf 89' lang='lat' dir='ltr'>aliquo</span> <span class='ocrx_word' id='word_1_157' title='bbox 1153 2383 1382 2438; x_wconf 88' lang='lat' dir='ltr'>tempore</span> <span class='ocrx_word' id='word_1_158' title='bbox 1418 2374 1470 2423; x_wconf 92' lang='lat' dir='ltr'>in-</span> <span class='ocrx_word' id='word_1_159' title='bbox 1505 2375 1671 2423; x_wconf 86' lang='lat' dir='ltr'>locum</span> <span class='ocrx_word' id='word_1_160' title='bbox 1715 2373 2045 2436; x_wconf 81' lang='lat' dir='ltr'>aristocratiae</span> <span class='ocrx_word' id='word_1_161' title='bbox 2066 2411 2079 2433; x_wconf 93' lang='lat'>,</span> <span class='ocrx_word' id='word_1_162' title='bbox 2108 2373 2185 2422; x_wconf 90' lang='lat' dir='ltr'>Ol.</span> <span class='ocrx_word' id='word_1_163' title='bbox 2212 2374 2277 2423; x_wconf 85' lang='lat'>89</span> <span class='ocrx_word' id='word_1_164' title='bbox 2301 2374 2489 2424; x_wconf 88' lang='lat' dir='ltr'>instau-</span> 
     </span>
     <span class='ocr_line' id='line_1_23' title="bbox 686 2451 2488 2525; baseline -0.002 -10"><span class='ocrx_word' id='word_1_165' title='bbox 686 2474 827 2525; x_wconf 88' lang='lat' dir='ltr'>ratae,</span> <span class='ocrx_word' id='word_1_166' title='bbox 844 2463 1164 2514; x_wconf 89' lang='lat' dir='ltr'>successisset</span> <span class='ocrx_word' id='word_1_167' title='bbox 1185 2478 1196 2511; x_wconf 74' lang='grc' dir='ltr'><strong>ε</strong></span> <span class='ocrx_word' id='word_1_168' title='bbox 1224 2451 1472 2524; x_wconf 85' lang='lat' dir='ltr'>nusquam</span> <span class='ocrx_word' id='word_1_169' title='bbox 1490 2469 1658 2510; x_wconf 88' lang='lat' dir='ltr'>autem</span> <span class='ocrx_word' id='word_1_170' title='bbox 1683 2460 1747 2510; x_wconf 92' lang='lat' dir='ltr'>ab</span> <span class='ocrx_word' id='word_1_171' title='bbox 1771 2461 1879 2510; x_wconf 90' lang='lat' dir='ltr'>ullo</span> <span class='ocrx_word' id='word_1_172' title='bbox 1898 2460 2144 2523; x_wconf 88' lang='lat' dir='ltr'>scriptore</span> <span class='ocrx_word' id='word_1_173' title='bbox 2164 2474 2246 2510; x_wconf 90' lang='lat' dir='ltr'>res</span> <span class='ocrx_word' id='word_1_174' title='bbox 2270 2460 2488 2524; x_wconf 85' lang='lat' dir='ltr'>publicae</span> 
     </span>
     <span class='ocr_line' id='line_1_24' title="bbox 686 2551 1792 2602; baseline -0.005 0"><span class='ocrx_word' id='word_1_175' title='bbox 686 2553 736 2602; x_wconf 90' lang='lat' dir='ltr'>in</span> <span class='ocrx_word' id='word_1_176' title='bbox 761 2553 857 2602; x_wconf 92' lang='lat' dir='ltr'>hoc</span> <span class='ocrx_word' id='word_1_177' title='bbox 891 2551 1157 2600; x_wconf 87' lang='lat' dir='ltr'>intervallo</span> <span class='ocrx_word' id='word_1_178' title='bbox 1191 2557 1396 2598; x_wconf 85' lang='lat' dir='ltr'>mutatae</span> <span class='ocrx_word' id='word_1_179' title='bbox 1429 2556 1792 2598; x_wconf 88' lang='lat' dir='ltr'>memorantur.</span> 
     </span>
    </p>

    <p class='ocr_par' dir='ltr' id='par_1_8' title="bbox 685 2631 2486 2967">
     <span class='ocr_line' id='line_1_25' title="bbox 752 2631 2483 2700; baseline -0.003 -11"><span class='ocrx_word' id='word_1_180' title='bbox 752 2642 804 2688; x_wconf 82' lang='lat'>5⁰</span> <span class='ocrx_word' id='word_1_181' title='bbox 819 2639 1020 2697; x_wconf 87' lang='lat' dir='ltr'>Contra,</span> <span class='ocrx_word' id='word_1_182' title='bbox 1041 2651 1132 2700; x_wconf 88' lang='lat' dir='ltr'>per</span> <span class='ocrx_word' id='word_1_183' title='bbox 1150 2650 1309 2685; x_wconf 91' lang='lat' dir='ltr'>annos</span> <span class='ocrx_word' id='word_1_184' title='bbox 1329 2635 1561 2699; x_wconf 84' lang='lat' dir='ltr'>proxime</span> <span class='ocrx_word' id='word_1_185' title='bbox 1578 2635 1942 2698; x_wconf 87' lang='lat' dir='ltr'>praecedentes,</span> <span class='ocrx_word' id='word_1_186' title='bbox 1972 2631 2483 2684; x_wconf 69' lang='lat' dir='ltr'>Lacedaemoniorum,</span> 
     </span>
     <span class='ocr_line' id='line_1_26' title="bbox 686 2720 2486 2793; baseline -0.004 -15"><span class='ocrx_word' id='word_1_187' title='bbox 686 2725 918 2793; x_wconf 90' lang='lat' dir='ltr'>populari</span> <span class='ocrx_word' id='word_1_188' title='bbox 942 2724 1117 2775; x_wconf 84' lang='lat' dir='ltr'>formae</span> <span class='ocrx_word' id='word_1_189' title='bbox 1140 2738 1241 2773; x_wconf 91' lang='lat' dir='ltr'>non</span> <span class='ocrx_word' id='word_1_190' title='bbox 1266 2723 1542 2772; x_wconf 86' lang='lat' dir='ltr'>faventium</span> <span class='ocrx_word' id='word_1_191' title='bbox 1562 2760 1575 2782; x_wconf 92' lang='lat'>,</span> <span class='ocrx_word' id='word_1_192' title='bbox 1603 2730 1775 2785; x_wconf 89' lang='lat' dir='ltr'>partes</span> <span class='ocrx_word' id='word_1_193' title='bbox 1798 2720 1999 2785; x_wconf 85' lang='lat' dir='ltr'>Megara</span> <span class='ocrx_word' id='word_1_194' title='bbox 2043 2730 2215 2771; x_wconf 90' lang='lat' dir='ltr'>secuta</span> <span class='ocrx_word' id='word_1_195' title='bbox 2256 2729 2348 2770; x_wconf 87' lang='lat' dir='ltr'>est.</span> <span class='ocrx_word' id='word_1_196' title='bbox 2393 2721 2486 2771; x_wconf 89' lang='lat' dir='ltr'>Per</span> 
     </span>
     <span class='ocr_line' id='line_1_27' title="bbox 686 2796 2483 2877; baseline -0.005 -11"><span class='ocrx_word' id='word_1_197' title='bbox 686 2830 795 2867; x_wconf 90' lang='lat' dir='ltr'>eam</span> <span class='ocrx_word' id='word_1_198' title='bbox 812 2815 946 2865; x_wconf 92' lang='lat' dir='ltr'>enim</span> <span class='ocrx_word' id='word_1_199' title='bbox 962 2813 1040 2863; x_wconf 91' lang='lat' dir='ltr'>bis</span> <span class='ocrx_word' id='word_1_200' title='bbox 1055 2811 1313 2877; x_wconf 85' lang='lat' dir='ltr'>Agesilaus</span> <span class='ocrx_word' id='word_1_201' title='bbox 1337 2810 1583 2877; x_wconf 89' lang='lat' dir='ltr'>(Xenoph.</span> <span class='ocrx_word' id='word_1_202' title='bbox 1608 2808 1803 2859; x_wconf 90' lang='lat' dir='ltr'>Hellen.</span> <span class='ocrx_word' id='word_1_203' title='bbox 1823 2796 1883 2868; x_wconf 83' lang='lat' dir='ltr'>V,</span> <span class='ocrx_word' id='word_1_204' title='bbox 1906 2820 1974 2868; x_wconf 92' lang='lat' dir='ltr'>1v,</span> <span class='ocrx_word' id='word_1_205' title='bbox 1996 2807 2096 2874; x_wconf 79' lang='lat'>58),</span> <span class='ocrx_word' id='word_1_206' title='bbox 2118 2809 2271 2858; x_wconf 90' lang='lat' dir='ltr'>semel</span> <span class='ocrx_word' id='word_1_207' title='bbox 2293 2808 2483 2858; x_wconf 93' lang='lat' dir='ltr'>Cleom-</span> 
     </span>
     <span class='ocr_line' id='line_1_28' title="bbox 685 2895 2159 2967; baseline -0.006 -13"><span class='ocrx_word' id='word_1_208' title='bbox 685 2904 861 2954; x_wconf 90' lang='lat' dir='ltr'>brotus</span> <span class='ocrx_word' id='word_1_209' title='bbox 885 2900 1163 2967; x_wconf 90' lang='lat' dir='ltr'>(Plutarch.</span> <span class='ocrx_word' id='word_1_210' title='bbox 1185 2898 1409 2963; x_wconf 89' lang='lat' dir='ltr'>Pelopid.</span> <span class='ocrx_word' id='word_1_211' title='bbox 1434 2896 1552 2963; x_wconf 79' lang='grc'>15),</span> <span class='ocrx_word' id='word_1_212' title='bbox 1593 2905 1648 2947; x_wconf 90' lang='lat' dir='ltr'>ut</span> <span class='ocrx_word' id='word_1_213' title='bbox 1671 2896 1880 2946; x_wconf 87' lang='lat' dir='ltr'>amicam</span> <span class='ocrx_word' id='word_1_214' title='bbox 1907 2896 2003 2945; x_wconf 90' lang='lat' dir='ltr'>iter</span> <span class='ocrx_word' id='word_1_215' title='bbox 2026 2895 2159 2961; x_wconf 87' lang='lat' dir='ltr'>fecit.</span> 
     </span>
    </p>

    <p class='ocr_par' dir='ltr' id='par_1_9' title="bbox 683 2983 2483 3495">
     <span class='ocr_line' id='line_1_29' title="bbox 751 2983 2483 3051; baseline -0.005 -11"><span class='ocrx_word' id='word_1_216' title='bbox 751 2992 803 3040; x_wconf 81' lang='lat'>4⁰</span> <span class='ocrx_word' id='word_1_217' title='bbox 827 2989 1068 3040; x_wconf 89' lang='lat' dir='ltr'>Videlicet</span> <span class='ocrx_word' id='word_1_218' title='bbox 1085 3026 1098 3048; x_wconf 93' lang='lat'>‚</span> <span class='ocrx_word' id='word_1_219' title='bbox 1127 3001 1240 3051; x_wconf 86' lang='lat' dir='ltr'>quae</span> <span class='ocrx_word' id='word_1_220' title='bbox 1262 2986 1427 3036; x_wconf 86' lang='lat' dir='ltr'>turbae</span> <span class='ocrx_word' id='word_1_221' title='bbox 1445 2993 1567 3035; x_wconf 91' lang='lat' dir='ltr'>tunc</span> <span class='ocrx_word' id='word_1_222' title='bbox 1583 2985 1717 3048; x_wconf 90' lang='lat' dir='ltr'>apud</span> <span class='ocrx_word' id='word_1_223' title='bbox 1742 2984 2059 3049; x_wconf 89' lang='lat' dir='ltr'>Megarenses</span> <span class='ocrx_word' id='word_1_224' title='bbox 2077 2993 2292 3043; x_wconf 73' lang='lat' dir='ltr'>exortae,</span> <span class='ocrx_word' id='word_1_225' title='bbox 2315 2983 2483 3034; x_wconf 87' lang='lat' dir='ltr'>statim</span> 
     </span>
     <span class='ocr_line' id='line_1_30' title="bbox 685 3070 2481 3141; baseline -0.005 -12"><span class='ocrx_word' id='word_1_226' title='bbox 685 3091 985 3141; x_wconf 87' lang='lat' dir='ltr'>compressae</span> <span class='ocrx_word' id='word_1_227' title='bbox 1008 3083 1125 3125; x_wconf 91' lang='lat' dir='ltr'>sunt</span> <span class='ocrx_word' id='word_1_228' title='bbox 1140 3113 1152 3134; x_wconf 93' lang='lat'>‚</span> <span class='ocrx_word' id='word_1_229' title='bbox 1181 3088 1283 3123; x_wconf 91' lang='lat' dir='ltr'>non</span> <span class='ocrx_word' id='word_1_230' title='bbox 1312 3072 1578 3122; x_wconf 88' lang='lat' dir='ltr'>dissimiles</span> <span class='ocrx_word' id='word_1_231' title='bbox 1602 3085 1774 3121; x_wconf 88' lang='lat' dir='ltr'>earum</span> <span class='ocrx_word' id='word_1_232' title='bbox 1798 3071 2030 3122; x_wconf 89' lang='lat' dir='ltr'>videntur</span> <span class='ocrx_word' id='word_1_233' title='bbox 2054 3086 2178 3136; x_wconf 89' lang='lat' dir='ltr'>quas</span> <span class='ocrx_word' id='word_1_234' title='bbox 2201 3071 2307 3122; x_wconf 89' lang='lat' dir='ltr'>fere</span> <span class='ocrx_word' id='word_1_235' title='bbox 2336 3070 2481 3122; x_wconf 90' lang='lat' dir='ltr'>simul</span> 
     </span>
     <span class='ocr_line' id='line_1_31' title="bbox 683 3152 2478 3227; baseline -0.006 -9"><span class='ocrx_word' id='word_1_236' title='bbox 683 3167 977 3218; x_wconf 90' lang='lat' dir='ltr'>Corinthum</span> <span class='ocrx_word' id='word_1_237' title='bbox 1001 3171 1263 3227; x_wconf 85' lang='lat' dir='ltr'>expertam</span> <span class='ocrx_word' id='word_1_238' title='bbox 1294 3162 1346 3210; x_wconf 91' lang='lat' dir='ltr'>in</span> <span class='ocrx_word' id='word_1_239' title='bbox 1372 3161 1549 3211; x_wconf 87' lang='lat' dir='ltr'>eodem</span> <span class='ocrx_word' id='word_1_240' title='bbox 1574 3152 1738 3224; x_wconf 87' lang='lat' dir='ltr'>capite</span> <span class='ocrx_word' id='word_1_241' title='bbox 1764 3159 2009 3211; x_wconf 90' lang='lat' dir='ltr'>Diodorus</span> <span class='ocrx_word' id='word_1_242' title='bbox 2033 3170 2221 3210; x_wconf 89' lang='lat' dir='ltr'>narrat.</span> <span class='ocrx_word' id='word_1_243' title='bbox 2249 3159 2478 3211; x_wconf 89' lang='lat' dir='ltr'>Corinthi</span> 
     </span>
     <span class='ocr_line' id='line_1_32' title="bbox 684 3247 2478 3313; baseline -0.004 -8"><span class='ocrx_word' id='word_1_244' title='bbox 684 3263 848 3306; x_wconf 91' lang='lat' dir='ltr'>autem</span> <span class='ocrx_word' id='word_1_245' title='bbox 873 3251 1131 3304; x_wconf 91' lang='lat' dir='ltr'>seditionis</span> <span class='ocrx_word' id='word_1_246' title='bbox 1154 3259 1385 3300; x_wconf 90' lang='lat' dir='ltr'>auctores</span> <span class='ocrx_word' id='word_1_247' title='bbox 1416 3248 1672 3313; x_wconf 89' lang='lat' dir='ltr'>popularis</span> <span class='ocrx_word' id='word_1_248' title='bbox 1711 3247 1942 3298; x_wconf 86' lang='lat' dir='ltr'>factionis</span> <span class='ocrx_word' id='word_1_249' title='bbox 1968 3247 2120 3299; x_wconf 87' lang='lat' dir='ltr'>fuisse</span> <span class='ocrx_word' id='word_1_250' title='bbox 2154 3263 2217 3299; x_wconf 89' lang='lat' dir='ltr'>ex</span> <span class='ocrx_word' id='word_1_251' title='bbox 2256 3263 2316 3298; x_wconf 92' lang='lat' dir='ltr'>eo</span> <span class='ocrx_word' id='word_1_252' title='bbox 2354 3247 2478 3298; x_wconf 86' lang='lat' dir='ltr'>infe-</span> 
     </span>
     <span class='ocr_line' id='line_1_33' title="bbox 683 3336 2476 3404; baseline -0.004 -11"><span class='ocrx_word' id='word_1_253' title='bbox 683 3344 921 3401; x_wconf 86' lang='lat' dir='ltr'>rendum,</span> <span class='ocrx_word' id='word_1_254' title='bbox 965 3339 1099 3404; x_wconf 88' lang='lat' dir='ltr'>quod</span> <span class='ocrx_word' id='word_1_255' title='bbox 1145 3338 1285 3402; x_wconf 80' lang='lat' dir='ltr'>prius</span> <span class='ocrx_word' id='word_1_256' title='bbox 1324 3336 1469 3403; x_wconf 87' lang='lat' dir='ltr'>Argis</span> <span class='ocrx_word' id='word_1_257' title='bbox 1507 3337 1829 3397; x_wconf 82' lang='lat' dir='ltr'>exsulabant,</span> <span class='ocrx_word' id='word_1_258' title='bbox 1883 3336 1969 3386; x_wconf 88' lang='lat' dir='ltr'>ubi</span> <span class='ocrx_word' id='word_1_259' title='bbox 2008 3346 2128 3387; x_wconf 89' lang='lat' dir='ltr'>tunc</span> <span class='ocrx_word' id='word_1_260' title='bbox 2172 3336 2476 3388; x_wconf 89' lang='lat' dir='ltr'>democratia</span> 
     </span>
     <span class='ocr_line' id='line_1_34' title="bbox 685 3421 2214 3495; baseline -0.006 -14"><span class='ocrx_word' id='word_1_261' title='bbox 685 3429 1019 3495; x_wconf 89' lang='lat' dir='ltr'>praevalebat,</span> <span class='ocrx_word' id='word_1_262' title='bbox 1047 3440 1167 3475; x_wconf 90' lang='lat' dir='ltr'>mox</span> <span class='ocrx_word' id='word_1_263' title='bbox 1191 3426 1345 3475; x_wconf 86' lang='lat' dir='ltr'>atroci</span> <span class='ocrx_word' id='word_1_264' title='bbox 1382 3423 1464 3473; x_wconf 80' lang='lat' dir='ltr'>illa</span> <span class='ocrx_word' id='word_1_265' title='bbox 1494 3424 1631 3474; x_wconf 90' lang='lat' dir='ltr'>caede</span> <span class='ocrx_word' id='word_1_266' title='bbox 1655 3421 1939 3490; x_wconf 78' lang='lat' dir='ltr'>Scytalismo</span> <span class='ocrx_word' id='word_1_267' title='bbox 1964 3425 2214 3476; x_wconf 87' lang='lat' dir='ltr'>saevitura.</span> 
     </span>
    </p>
   </div>
   <div class='ocr_carea' id='block_1_6' title="bbox 753 3514 1209 3580">
    <p class='ocr_par' dir='ltr' id='par_1_10' title="bbox 753 3514 1209 3580">
     <span class='ocr_line' id='line_1_35' title="bbox 753 3514 1209 3580; baseline -0.009 -15"><span class='ocrx_word' id='word_1_268' title='bbox 753 3522 766 3547; x_wconf 77' lang='lat'>¹</span> <span class='ocrx_word' id='word_1_269' title='bbox 806 3516 975 3580; x_wconf 71' lang='lat'>5295,</span> <span class='ocrx_word' id='word_1_270' title='bbox 1013 3529 1063 3577; x_wconf 88' lang='lat' dir='ltr'>p.</span> <span class='ocrx_word' id='word_1_271' title='bbox 1092 3514 1209 3562; x_wconf 80' lang='lat'>456.</span> 
     </span>
    </p>
   </div>
  </div>
 </body>
</html>
