2860 4380
1087 275 1359 317 -v—

334 400 394 462 in
429 399 756 475 alterutram
783 417 974 460 arcem
1000 398 1325 473 ascendisti,
1359 397 1490 458 inde
1514 397 1689 458 habes
1720 397 1780 458 in
1813 409 2118 478 prospectu

335 528 569 589 campos
595 509 814 570 circum
843 509 902 569 in
920 509 1212 590 planitiem
1243 518 1522 584 extensos,
1542 528 1657 569 non
1686 510 1842 571 illam
1865 510 2115 572 immen-

331 642 455 684 sam
493 622 723 702 quidem
751 642 858 683 nec
894 623 1091 702 pingui
1126 623 1244 699 solo
1273 623 1624 684 uberrimam
1645 673 1661 698 ‚
1701 624 1798 684 sed
1821 643 2004 703 neque
2039 624 2116 685 ita

332 753 563 814 parvam
607 742 662 795 et
691 733 966 795 olivarum
1010 742 1374 813 satorumque
1415 734 1760 795 abundantia
1799 734 2077 795 laetiorem
2098 772 2126 808 ‚›

331 866 510 926 quum
558 847 638 909 ibi
686 847 1080 939 tantummodo
1123 846 1304 907 vicina
1345 846 1629 906 montium
1674 846 1808 925 juga
1852 866 1883 906 a
1930 845 2116 907 littore

331 962 616 1023 recedant.
656 962 715 1021 Si
739 961 893 1022 enim
923 959 1161 1021 Athenis
1184 968 1239 1020 et
1263 959 1531 1020 Eleusine
1555 959 1779 1034 venisti,
1797 960 2114 1021 arctissimo

330 1075 532 1136 itinere
568 1076 716 1136 inter
758 1073 968 1134 montis
1011 1072 1230 1133 radices
1279 1081 1334 1132 et
1370 1091 1528 1132 mare
1579 1071 1827 1132 molliter
1871 1071 1933 1131 in
1970 1091 2111 1133 con-

330 1189 529 1250 cinnos
561 1188 737 1248 flexus
771 1194 997 1246 curvata
1020 1185 1203 1246 littora
1235 1193 1462 1246 secutus
1485 1203 1582 1259 es;
1612 1184 1658 1246 si
1683 1183 1979 1258 CorinthO,
2012 1203 2116 1263 per

328 1300 713 1381 angustiorem
748 1299 920 1360 etiam
954 1299 1116 1360 illum
1140 1297 1425 1359 tramitem
1448 1317 1535 1373 ac,
1570 1296 1867 1358 deficiente
1904 1296 2110 1370 littore,

327 1413 388 1474 in
427 1413 684 1493 abrupt1s
724 1412 991 1493 rupibus,
1033 1412 1169 1472 olim
1220 1410 1514 1485 Scironfis,
1563 1410 1895 1484 exscissum‚
1944 1428 2116 1489 quam

326 1537 500 1594 Κακὴν
521 1535 713 1588 {zoom
730 1527 897 1587 hodie
920 1534 1143 1600 vocant,
1169 1544 1319 1603 aegre
1344 1523 1644 1584 incessisti.
1667 1522 1775 1593 Qui
1795 1523 1864 1582 ad
1884 1531 2112 1602 septen-

325 1641 572 1702 trionem
596 1661 655 1702 se
689 1642 951 1702 attollunt
985 1638 1113 1700 Onii
1155 1647 1399 1712 montes,
1439 1637 1526 1699 bis
1560 1637 1877 1716 interrupta
1918 1655 2112 1715 aequa-

326 1755 468 1816 lium
499 1754 866 1815 cacuminum
897 1752 1070 1826 serie,
1117 1751 1231 1812 vias
1264 1751 1335 1811 ad
1374 1749 1727 1829 Alcyoneum
1760 1767 1917 1808 mare
1962 1757 2018 1808 et
2055 1748 2116 1806 in

325 1867 603 1928 Boeotiam
632 1886 734 1947 per
764 1866 935 1928 saltus
969 1865 1094 1927 illos
1130 1863 1424 1945 aperiunt,
1473 1862 1534 1922 in
1577 1862 1784 1942 quibus
1827 1861 2114 1940 quondam

327 1980 480 2041 nube
521 1980 706 2041 subita
744 1979 1059 2041 obcaecatos
1110 1979 1309 2038 Persas
1359 1985 1414 2037 et
1451 1976 1511 2035 in
1545 1975 1855 2036 amentiam
1898 1992 2109 2048 verSOS,

329 2091 523 2152 Dianae
566 2092 805 2167 auxiliO‚
846 2093 1204 2171 Megarenses
1245 2090 1700 2171 oppresserunt.¹
1747 2087 2113 2148 Occidentem

325 2222 554 2271 versus,
597 2199 892 2283 insurgere
939 2204 1174 2284 propius
1224 2203 1426 2283 incipit
1459 2203 1679 2263 excelso
1724 2200 1933 2261 vertice
1983 2218 2113 2279 pars

325 2314 456 2381 Onii
483 2316 694 2377 montis
723 2316 963 2377 Gerania
986 2366 999 2391 ,
1050 2318 1161 2396 qua
1197 2318 1460 2396 superata
1496 2315 1834 2375 Corinthum
1872 2312 2115 2374 rectiore

323 2427 527 2488 itinere
545 2428 815 2489 tenditur.
841 2430 967 2490 Jam
990 2430 1059 2489 ad
1093 2428 1393 2490 meridiem
1420 2427 1708 2489 conversis
1740 2425 1940 2500 oculis,
1981 2426 2112 2505 pul-

324 2541 494 2602 chros
540 2542 700 2603 sinfis
736 2542 1003 2622 Megarici
1034 2543 1242 2603 fluctus
1268 2586 1281 2610 ‚
1327 2550 1672 2622 portumque
1711 2558 1841 2600 arce
1879 2538 2015 2598 olim
2061 2547 2116 2599 et

325 2673 509 2735 parvae
546 2654 746 2715 insulae
774 2655 1000 2735 objectu
1029 2663 1351 2735 protectum
1378 2702 1392 2727 ,
1435 2663 1522 2727 et,
1567 2653 1714 2713 ultra
1754 2652 1963 2713 fretum
2004 2671 2109 2711 an-

236 2776 240 2779 ’
324 2778 588 2848 gustum,
649 2769 930 2830 sinuatam
978 2768 1278 2830 Salaminis
1324 2787 1483 2828 oram
1536 2766 1845 2847 prospicis,
1903 2765 2113 2827 saxosis

325 2878 554 2959 quidem
598 2881 837 2943 collibus
865 2881 1140 2957 horridae,
1172 2880 1440 2942 amabilia
1464 2878 1726 2961 (ἱμερτῆς)
1752 2886 1944 2938 tamen
1965 2876 2116 2936 illius

326 2991 626 3057 Salaminis
654 3014 826 3074 quam
851 2995 1024 3055 Solon
1061 2994 1322 3070 simulata
1356 2993 1602 3054 amentia
1636 2991 1911 3052 canebat:
1944 2993 2114 3070 quam

326 3107 532 3168 acriter
560 3084 1150 3170 'enim'Athenienses
1198 3108 1368 3168 simul
1406 3118 1458 3168 et
1501 3094 1856 3186 Megarenses
1906 3122 2112 3184 provo-

326 3221 517 3295 cabat,
549 3221 758 3301 pariter
792 3243 821 3282 e
866 3223 1125 3302 proximo
1158 3221 1548 3302 propositum,
1583 3217 1928 3281 fortitudinis
1959 3235 2109 3298 prae-

398 3458 413 3488 ¹
451 3455 657 3507 Pausan.
687 3456 723 3518 1,
751 3459 834 3518 40,
862 3459 910 3508 2.
