2800 4368
1030 336 1346 396 ...17-

292 481 433 543 Niso
467 479 735 541 traditum
763 479 981 560 placide
1016 489 1334 555 exerceret,
1374 480 1462 539 leo
1491 479 1758 540 immanis
1785 499 1851 543 ex
1890 479 2074 540 Cithe-

279 594 434 654 rone
484 600 640 653 ortus
687 610 852 670 agros
901 592 1202 671 populatus
1250 601 1371 666 est3
1423 613 1454 652 a
1505 611 1616 671 quo
1672 601 1727 652 et
1772 593 1936 654 multi
1982 592 2075 653 alii

282 705 591 779 interfecti,
617 713 671 765 et
699 699 821 784 ipse
851 705 1002 765 filius
1038 705 1186 783 regis
1213 705 1492 785 Euippus.
1530 705 1822 783 Megareus
1858 714 2071 780 autem,

195 822 198 829 '
291 817 486 877 dolore
534 816 817 901 percituS,
852 836 1031 896 quum
1078 836 1136 877 se
1182 816 1329 875 virili
1366 817 1523 895 prole
1547 865 1562 891 ,
1597 836 1730 876 nam
1756 818 1895 876 alter
1927 818 2078 878 filius

298 928 583 1006 Timatcus
603 929 724 1008 jam
746 949 778 990 a
800 930 1017 989 Theseo
1046 920 1278 988 necatus
1315 928 1517 1000 fuerat,
1553 929 1814 989 orbatum
1843 929 2073 1004 videret,

290 1042 470 1130 filiam
530 1042 875 1103 Euaeckmen
942 1049 1360 1120 sceptrumque,
1415 1041 1677 1120 promisit
1741 1042 2081 1122 cuicumque
2151 1113 2155 1115 ,

293 1155 472 1216 feram
508 1155 768 1216 occidere
795 1153 1106 1232 obtigisset.
1150 1153 1215 1212 I‘n
1247 1154 1474 1214 leonem
1513 1155 1715 1215 incidit
1748 1154 2078 1230 AlcathouS‚

293 1287 427 1328 eum
449 1285 747 1345 aggressus
787 1265 1089 1339 interfecit,
1123 1265 1520 1345 interfectique
1552 1266 2084 1346 linguam-excisam

293 1379 353 1439 in
411 1380 544 1458 pera
595 1377 858 1451 inclusit;
896 1386 1019 1438 tum
1068 1377 1136 1437 ad
1183 1377 1387 1438 urbem
1437 1378 1762 1457 regiamque
1799 1379 2081 1458 perrexit3

293 1499 349 1552 et
373 1492 494 1571 jam
538 1491 730 1571 plures
778 1491 910 1565 alii,
970 1490 1149 1551 leonis
1205 1491 1471 1551 cadavere
1527 1501 1780 1570 reperte,
1832 1492 2082 1553 victoriae

293 1602 527 1683 praemia
564 1602 671 1662 sibi
709 1601 968 1662 certatim
1002 1601 1401 1675 vindicabant,
1442 1620 1620 1679 quum
1668 1603 1877 1681 prodiit
1911 1605 2081 1664 Alca-

292 1717 461 1775 thous
491 1724 571 1789 et,
612 1717 747 1795 pera
777 1715 1026 1786 reclusa,
1062 1714 1445 1773 certissimum
1485 1714 1690 1794 pignus
1721 1716 1924 1776 belluae
1968 1716 2081 1775 lin-

292 1848 462 1908 guam
505 1826 820 1906 exposuit¹.
883 1825 1018 1886 Inde
1066 1845 1191 1886 mos
1237 1827 1387 1905 apud
1439 1827 1795 1906 Megarenses
1850 1828 2087 1889 invaluit

291 1939 651 2002 victimarum
681 1938 907 2017 linguas
935 1938 994 1997 in
1032 1938 1144 2023 aris
1174 1947 1491 2018 postremas
1517 1938 1871 2019 imponendi.
1892 1941 2086 2001 Victor

276 2051 603 2116 Alcathous
640 2050 891 2130 Apollini
921 2051 1125 2128 Aqraeo
1161 2060 1216 2111 et
1249 2051 1441 2112 Dianae
1476 2052 1766 2130 Aqroteroe
1806 2054 2085 2133 templum

290 2164 546 2250 sacravit.
596 2162 794 2237 Illum,
838 2181 1015 2241 regno
1060 2164 1305 2242 potitum
1340 2213 1353 2238 ‚
1413 2184 1583 2244 supra
1632 2165 1848 2226 dictum
1899 2175 1982 2226 est
2027 2167 2085 2226 in

291 2277 433 2337 colle
467 2277 735 2336 alterutro
757 2294 950 2336 arcem
977 2269 1357 2335 recentiorem
1402 2275 1678 2337 muniisse
1702 2325 1717 2351 ‚
1759 2297 1931 2356 quam
1982 2299 2084 2339 suo

289 2389 523 2450 nomine
569 2388 892 2469 appellavit.
938 2388 1111 2463 Novis
1159 2390 1447 2450 moenibus
1495 2391 1847 2451 exstruendis
1903 2392 2082 2471 ipsius

290 2483 568 2580 Apollinis
619 2520 854 2581 operam
894 2520 1006 2560 non
1049 2501 1296 2562 defuisse
1332 2502 1626 2562 memoriae
1655 2502 1927 2562 traditum
1965 2511 2077 2575 est,

287 2633 354 2675 ac
384 2634 540 2694 saepe.
567 2615 930 2689 illustratum,
975 2615 1216 2675 maxime
1246 2625 1436 2676 autem
1480 2616 1824 2694 Theognidis
1848 2665 1861 2690 ,
1891 2617 2082 2696 inclyti

289 2728 704 2810 Megarensium
746 2739 926 2810 poetae
949 2779 962 2804 ,
1006 2730 1261 2790 versibus
1286 2729 1306 2757 ²
1339 2752 1349 2789 ;

597 2881 711 2926 Φοῖὸε
740 2879 841 2934 ἅναξ
861 2911 872 2930 ,
908 2883 1032 2933 αὐτὸς
1053 2881 1125 2942 μὲν
1158 2882 1397 2942 ἐπυργώσας
1422 2880 1540 2925 πόλιν
1564 2879 1712 2943 ἄκρην,

663 2964 855 3031 Ᾱλκαθόῳ
883 2971 1062 3021 Πέλοπος
1088 2967 1204 3014 παιδὶ
1241 2971 1524 3032 χαριζόμενος.

371 3086 779 3154 Ostendebatur
843 3094 1002 3173 juxta
1060 3093 1311 3154 Deorum
1368 3095 1858 3155 Prodomoeorum³
1920 3113 2078 3157 aram

357 3292 370 3317 ¹
399 3287 695 3338 Dieuchidas
721 3302 801 3353 ap.
829 3289 996 3342 Schol.
1025 3290 1258 3353 Apollon.
1282 3289 1330 3347 1,
1360 3290 1474 3338 517.

353 3379 372 3406 ²
394 3376 536 3426 Paus.
563 3378 599 3425 l.
626 3376 662 3425 l.
689 3376 916 3442 Theogn.
943 3392 990 3427 v.
1029 3378 1143 3426 755.
1172 3377 1251 3426 ed.
1284 3375 1535 3425 Welcker.

351 3473 485 3515 “oeoz
524 3467 776 3532 Προδομεῑς.
821 3479 890 3516 sc.
944 3465 1027 3528 qui
1082 3465 1334 3516 struendis
1379 3464 1594 3522 aedibuS‚
1635 3464 1771 3527 prius
1822 3466 2071 3524 invocati,

288 3563 526 3624 praesunt.

1812 3624 1848 3678 2
