2800 4368
1070 301 1298 361 -111
1351 338 1428 347 —

356 443 479 503 tere'
505 441 790 519 siverunt,
822 444 916 504 sed
936 491 949 518 ,
983 445 1219 523 vulgatis
1240 465 1342 524 per
1365 445 1645 506 Graeciam
1669 446 1991 507 universam
2014 447 2140 507 dic-

355 555 541 629 teriis,
601 556 803 616 veteris
840 553 1142 617 simultatis
1197 577 1261 617 ac
1311 558 1543 618 fortasse
1584 557 1809 619 invidiae
1855 561 2142 639 explendae

355 670 556 743 causa,
590 668 947 747 Megarenses
975 669 1187 747 ubique
1220 677 1284 729 ut
1306 671 1474 730 rudes
1514 681 1569 730 et
1596 671 1854 731 inficetos
1887 674 2140 733 celebra-

353 801 508 842 vere.
545 781 855 842 Videamus
890 790 1079 841 autem
1123 801 1263 842 num
1309 783 1505 843 deceat
1550 785 1709 843 omni
1739 785 1950 845 mentis
1987 787 2143 846 cultu

353 901 409 953 et
463 891 679 972 ingenii
734 891 996 953 felicitate
1043 893 1374 953 destitutam
1424 904 1653 973 gentem
1705 897 1956 976 profiteri
1981 903 2021 972 ,'
2050 899 2143 959 cui

355 1006 894 1088 praestantissimum
926 1016 1153 1086 poetam
1186 1008 1440 1086 gignere,
1482 1009 1822 1069 comoediam
1856 1010 2139 1078 invenire,

354 1121 625 1200 inclytam
651 1120 1129 1200 philosophorum
1166 1121 1421 1181 scholam
1462 1122 1810 1200 producere,
1859 1133 2006 1184 artes
2050 1125 2142 1183 in-

350 1253 564 1313 genuas
587 1232 880 1312 praecipuo
908 1232 1094 1293 studio
1120 1233 1307 1293 fovere
1330 1242 1496 1312 atque
1519 1253 1780 1295 exercere
1805 1236 2059 1315 contigit.

431 1345 570 1405 Haec
602 1345 750 1404 mihi
782 1345 1203 1424 Megarensium
1248 1346 1545 1425 ingenium
1595 1347 1922 1427 inspicienti
1952 1349 2142 1409 mani-

344 1457 483 1518 festa
517 1457 634 1518 visa
673 1466 826 1518 sunt.
864 1457 1004 1527 Quae
1039 1467 1121 1518 tot
1158 1459 1343 1538 parvis
1384 1459 1631 1538 vestigiis
1667 1460 1977 1521 insistendo
2002 1463 2144 1522 dum

348 1562 750 1652 persequebar,
766 1571 1089 1651 perdidi-ne
1117 1573 1390 1652 operam?
1411 1573 1689 1652 Equidem
1722 1593 1904 1652 neque
1921 1577 2147 1653 'perma-

346 1704 531 1764 gnum
562 1703 704 1764 opus
734 1686 925 1746 moliri
955 1686 1098 1745 mihi
1127 1686 1249 1765 ipse
1285 1687 1436 1747 visus
1467 1706 1592 1746 sum
1629 1731 1642 1753 ‚
1693 1702 1876 1766 neque
1915 1706 2148 1767 prorsus

349 1798 636 1860 insulsum
675 1809 730 1859 et
777 1799 998 1859 inutile.
1050 1799 1179 1859 Non
1245 1799 1399 1859 enim
1444 1799 1629 1859 solum
1673 1799 1942 1859 viatorem
1994 1801 2151 1880 juvat

349 1911 699 1991 interrogare
731 1932 858 1992 quae
897 1913 1012 1974 sint
1067 1913 1412 1973 immortalia
1447 1913 1540 1973 illa
1583 1914 1830 1974 nomina
1882 1934 2007 1993 quae
2038 1911 2147 1994 ipsi

350 2027 534 2088 ruinis
562 2027 835 2107 inscripta
873 2037 1205 2088 occurrunt.
1248 2028 1391 2093 Sed,
1436 2047 1615 2105 quum
1654 2028 1743 2087 hae
1802 2029 1982 2089 ruinae
2033 2029 2148 2089 sint

350 2142 600 2217 Graecae,
663 2150 829 2221 atque
864 2143 990 2203 haec
1027 2143 1259 2204 nomina
1305 2163 1456 2223 saepe
1481 2144 1880 2224 ThucydideS,
1919 2143 2152 2204 Aristo--

351 2253 570 2333 phanes
594 2302 608 2329 ,
643 2255 805 2315 Plato
830 2254 1195 2334 scripserint,
1236 2255 1497 2316 omnium
1523 2256 1694 2316 etiam
1725 2256 1961 2316 interest
1983 2275 2149 2316 nosse

352 2365 518 2446 cujus
540 2367 739 2447 populi
765 2377 819 2428 et
845 2388 1087 2447 quarum
1124 2387 1315 2428 rerum
1357 2368 1470 2428 sint
1498 2376 1894 2428 monumenta.
1928 2369 2151 2448 Nempe

352 2481 574 2542 Graecia
607 2481 927 2543 litterarum
959 2482 1353 2562 politiorisque
1391 2482 1760 2543 humanitatis
1801 2502 1930 2542 vera
1973 2481 2149 2560 patria

353 2603 459 2656 est,
502 2595 628 2656 Hoc
658 2595 766 2656 sibi
796 2595 950 2656 laudi
985 2596 1043 2654 in
1088 2605 1369 2656 aeternum
1398 2596 1588 2670 ducit,
1638 2596 1789 2674 quod
1810 2639 1823 2663 ‚
1854 2595 1964 2655 fato
2003 2613 2147 2673 quo-

352 2709 483 2769 dam
507 2707 783 2770 devinctis
801 2757 815 2783 ,
845 2708 1010 2769 nobis
1034 2708 1105 2769 ab
1127 2708 1221 2767 illa
1250 2718 1458 2770 nostrae
1487 2709 1760 2770 doctrinae
1791 2708 1947 2787 origo
1979 2705 2150 2768 simul

355 2829 411 2882 et
437 2821 624 2902 prima
654 2821 1000 2901 exemplaria
1035 2822 1342 2901 repetenda
1381 2822 1514 2883 sint.
1551 2821 1760 2891 Quanti
1786 2821 1958 2900 igitur
1986 2822 2152 2882 nobis

361 2934 646 2995 momenti
678 2943 825 2995 esset
849 2983 862 3008 ,
891 2934 938 2994 si
960 2933 1286 2994 discernere
1310 2953 1608 3014 possemus
1638 2953 1703 2994 ex
1725 2934 1930 3013 quibus
1967 2934 2152 2995 causis

356 3047 545 3129 prima
586 3047 680 3108 illa
722 3049 1084 3128 perfectaque
1135 3067 1306 3128 opera
1347 3048 1559 3108 fuerint
1590 3056 1815 3121 exorta,
1878 3065 2152 3125 quorsum

356 3171 565 3244 sponte
602 3182 667 3223 ac
692 3182 794 3242 per
820 3182 878 3223 se
907 3163 1099 3243 ipsum
1120 3162 1426 3223 tetenderit
1468 3163 1802 3222 Graecorum
1830 3160 2152 3239 ingenium,

356 3285 483 3344 quae
545 3274 737 3326 autem
795 3265 930 3326 illud
976 3265 1197 3326 circum
1259 3265 1579 3346 adjuverint
1622 3274 1719 3325 aut
1769 3263 2154 3324 cohibuerint.

359 3378 499 3448 Quae
529 3379 637 3440 nisi
683 3379 810 3458 quis
837 3379 1178 3453 tentaverit,
1231 3398 1414 3458 neque
1445 3388 1627 3439 tantos
1674 3398 1703 3437 e
1752 3377 1936 3437 studio
1990 3377 2152 3437 Grae-

263 3546 267 3551 .
361 3511 558 3552 carum
604 3491 921 3552 litterarum
951 3492 1167 3552 fructus
1198 3490 1494 3570 percipere
1529 3489 1769 3568 poterit,
1808 3507 1990 3566 neque
2033 3488 2155 3546 illas
