2800 4368
1451 320 1769 381 ,34-

709 462 779 528 *in
809 477 924 528 tam
958 464 1107 526 felici
1148 463 1493 525 eximiorum
1525 484 1765 543 operum
1790 474 2065 543 proventu
2093 512 2107 538 ‚
2135 484 2376 544 quorum
2411 486 2507 527 re·-

718 580 920 660 liquias
947 578 1320 639 admiratione
1347 581 1571 638 summa
1585 578 2006 657 prosequimur,
2028 579 2096 640 iis
2116 584 2509 644 tantummodo

705 711 843 771 -quae
910 690 1347 771 praeclarissima
1389 691 1651 750 omnium
1717 691 2063 751 excellerent
2104 692 2405 776 contigisse
2447 705 2513 756 ut

714 805 922 864 famam
970 802 1419 882 adipiscerentur
1466 811 1520 862 et
1562 803 1677 863 fere
1733 802 1969 882 impune
2011 803 2198 882 perire
2254 818 2505 883 possent.

715 917 862 978 Nam
896 916 1172 977 hodierna
1214 935 1411 977 musea
1473 936 1646 995 quam
1683 916 1891 977 multas
1943 926 2154 977 statuas
2195 917 2266 976 ab
2302 917 2511 996 ignotis

714 1030 1043 1091 auctoribus
1090 1030 1401 1090 elaboratas
1455 1037 1735 1090 ostentant
1793 1049 1858 1089 ac
1913 1030 2261 1090 venerationi
2304 1018 2529 1092 nostrae‘

713 1152 1078 1224 proponunt,
1115 1143 1329 1202 nedum
1380 1161 1756 1222 quaecumque
1810 1143 1946 1202 olim
1999 1143 2281 1204 oblivione
2325 1164 2508 1206 mersa

712 1256 1008 1330 latuerint,
1072 1264 1345 1332 tanquam
1388 1252 1516 1313 vilia
1562 1251 1987 1336 despiciamus!
2039 1255 2265 1335 Itaque,
2316 1257 2362 1317 si
2403 1277 2511 1336 qua

714 1371 1045 1432 Graecarum
1081 1367 1372 1428 civitatum
1402 1368 1489 1428 vel
1523 1388 1707 1428 unum
1732 1418 1745 1442 ‚
1785 1369 1964 1449 ipsius
1994 1371 2340 1450 antiquitatis
2368 1391 2508 1432 auc—

709 1484 932 1545 toritate
958 1491 1353 1544 consecratum
1373 1531 1387 1558 ‚
1419 1482 1628 1542 artium
1644 1482 2029 1543 litterarumve
2059 1503 2508 1549 monumentum

707 1617 891 1676 usque
916 1596 987 1656 ‘in
1021 1604 1279 1680 nostram
1303 1603 1536 1656 aetatem
1567 1595 1977 1669 transmiserit,
2010 1606 2106 1656 aut
2134 1597 2304 1658 etiam
2330 1599 2376 1659 si
2407 1620 2514 1660 no-

709 1710 868 1770 mina
904 1710 1118 1789 aliquot
1141 1709 1382 1770 illustria
1413 1709 1710 1769 memoriae
1763 1719 1971 1770 nostrae
2011 1711 2345 1787 tradiderit,
2386 1732 2512 1775 eam

711 1844 784 1885 ne
817 1824 1146 1885 dubitemus
1172 1824 1430 1904 profiteri
1440 1824 1561 1904 jam
1587 1824 1859 1904 singulari
1881 1825 2046 1886 laude
2062 1845 2129 1885 ac
2151 1825 2512 1887 veneratione

713 1937 945 2017 dignam
978 1957 1135 2011 esse;
1167 1947 1455 2017 praeterea
1492 1937 1672 1998 felicis
1701 1938 2021 2017 excultique
2055 1939 2270 2018 ingenii
2305 1941 2514 2000 famam

715 2069 832 2110 non
863 2049 1153 2110 immerito
1186 2049 1295 2110 sibi
1342 2049 1615 2109 vindicet.
1658 2050 2158 2120 Quemadmodum
2208 2052 2401 2128 enim,
2455 2053 2515 2112 in

709 2163 992 2244 Olympiis
1017 2163 1304 2243 Pythiisve
1322 2163 1570 2242 antiquae
1598 2164 1833 2224 Graeciae
1850 2164 1999 2225 ludis
2031 2165 2077 2224 si
2113 2165 2240 2244 quis
2264 2166 2514 2245 palmam

706 2279 1032 2352 retulisset,
1069 2278 1321 2338 nonsibi
1353 2278 1543 2339 solum
1566 2279 1794 2358 suisque
1815 2328 1828 2354 ‚
1863 2280 1959 2339 sed
1994 2280 2190 2359 patriae
2215 2281 2381 2341 etiam
2412 2282 2515 2343 toti

706 2392 1084 2472 >magnificam
1135 2392 1479 2480 firm-amque
1538 2392 1780 2471 gloriam
1822 2403 2149 2473 pepererat,
2187 2395 2262 2455 ita
2313 2395 2373 2455 in
2420 2396 2516 2456 illo

717 2506 876 2585 quasi
899 2506 1263 2585 ingeniorum
1289 2507 1600 2581 curriculo,
1631 2506 1814 2585 magis
1843 2507 2012 2567 etiam
2033 2509 2237 2569 merito
2262 2559 2275 2584 ,
2303 2511 2516 2590 populo

705 2621 925 2700 cuique
949 2621 1309 2694 oon-ceditur,
1336 2633 1397 2680 ut
1418 2641 1484 2680 ex
1515 2621 1725 2681 civium
1756 2640 1992 2681 suorum
2024 2622 2308 2698 victoriis,
2344 2643 2515 2685 ovans

720 2735 880 2815 ipse,
935 2734 1126 2815 opima
1168 2744 1223 2795 et
1261 2734 1554 2814 splendida
1591 2734 1814 2796 decoris
1849 2736 2086 2814 praemia
2129 2736 2231 2796 sibi
2293 2737 2518 2816 colligat

721 2858 892 2928 atque
928 2848 987 2908 in
1019 2857 1300 2909 aeternum
1328 2858 1592 2910 reservet.

749 2983 759 2994 ·
803 2963 1053 3025 Proinde
1093 2963 1379 3051 Megaram
1410 2983 1483 3024 ne
1507 2982 1609 3024 suo
1633 2962 1980 3043 proprioque
2011 2965 2228 3025 honore
2258 2983 2362 3024 nos
2383 2965 2515 3026 des-

721 3079 1023 3152 tituamUS,
1057 3096 1236 3156 quum
1262 3096 1449 3155 neque
1474 3080 1505 3136 a
1536 3076 1757 3137 civibus
1782 3076 1899 3137 suis
1929 3077 2197 3137 derelicta
2222 3077 2281 3136 in
2320 3086 2514 3157 poste-

725 3212 924 3252 rorum
961 3192 1100 3252 illud
1118 3201 1387 3270 tanquam
1411 3190 1697 3271 judicium
1715 3191 1949 3270 prodeat
1975 3215 1987 3265 3
2021 3192 2138 3251 imo
2161 3193 2518 3270 Megarenses

727 3306 940 3386 ingenii
974 3306 1115 3366 flore
1155 3306 1397 3370 valuisse
1427 3314 1484 3365 et
1504 3305 1624 3365 Diis
1661 3324 1822 3366 caros
1859 3305 2030 3385 fuisse
2063 3307 2362 3367 fateamur.
2396 3305 2516 3366 Etsi

727 3421 883 3481 enim
923 3438 1038 3479 non
1094 3419 1346 3499 primum
1380 3419 1619 3498 gradum
1669 3420 1912 3481 assecuti
1955 3430 2122 3496 sunt,
2177 3419 2281 3481 etsi
2317 3419 2518 3482 vicinis

728 3534 1175 3596 Atheniensibus
1204 3535 1382 3594 multo
1418 3533 1747 3595 inferiorem
1784 3535 1975 3595 locum
2025 3535 2324 3595 obtinuere
2346 3583 2361 3611 ‚
2414 3532 2518 3594 fuit
