2800 4368
815 190 853 231 s
1365 237 1689 296 ,90-

626 401 952 463 oppressus,
987 401 1102 442 non
1125 381 1456 460 impotentia
1484 400 1792 442 moerorem
1820 382 2022 443 amicis
2046 382 2420 464 laetitiamque
2507 460 2523 471 '-

625 495 874 556 inimicis
912 494 1106 561 affert,
1159 495 1256 555 sed
1303 495 1524 556 victrici
1561 495 1826 575 patientia
1860 515 1919 556 se
1949 496 2110 576 pium
2146 497 2315 559 simul
2349 518 2416 559 ac
2608 524 2611 525 ⁷
2738 482 2800 572 «Ξ

623 609 869 670 liberum
899 617 1168 688 praestare
1204 608 1439 688 potest¹.

706 724 845 794 Quis
882 745 1136 804 unquam
1188 735 1284 786 aut
1318 726 1480 806 plura
1518 726 1775 787 canendo
1815 727 2031 807 attigit,
2085 736 2182 789 aut
2226 727 2416 806 magis

622 840 872 901 diversos
897 840 1074 900 animi
1099 860 1300 903 sensus
1323 841 1678 903 carminibus
1700 843 2100 922 perlustravit?
2121 842 2187 902 In
2210 842 2421 923 quibus

621 962 812 1015 autem
852 953 1043 1014 virum
1079 974 1263 1016 unum
1302 955 1486 1016 vivere
1517 964 1572 1015 et
1609 955 1769 1033 quasi
1804 955 2020 1035 spirare
2053 955 2298 1030 dixeris;
2341 955 2418 1017 ita

621 1077 684 1128 ut
713 1068 980 1129 eumdem
1003 1068 1215 1147 ubique
1251 1087 1524 1148 agnoscas
1546 1117 1559 1142 >
1594 1070 1792 1129 eadem
1827 1068 2044 1148 ingenii
2070 1068 2414 1130 affectuum-

622 1203 730 1263 que
779 1184 832 1243 vi
882 1184 1253 1259 instinctum,
1309 1205 1495 1265 neque
1531 1206 1788 1266 unquam
1823 1206 1939 1248 suae
1970 1185 2257 1265 dignitatis
2298 1185 2416 1245 im-

621 1318 961 1359 memorem.
1008 1298 1231 1378 Nempe
1265 1298 1360 1359 hic
1396 1308 1548 1360 vates
1578 1300 1755 1360 nobili
1783 1299 2068 1379 ,sanguine
2102 1308 2186 1360 est
2218 1307 2415 1374 ortus;

620 1411 757 1472 huic
806 1411 1016 1473 nobilia
1057 1412 1350 1474 Musarum
1394 1432 1634 1474 munera
1671 1413 1901 1487 sortito,
1943 1422 1998 1474 et
2039 1394 2178 1474 alios
2213 1431 2412 1493 regere

617 1524 697 1585 fas
726 1523 861 1592 est²‚
901 1534 956 1585 et
988 1525 1332 1605 cuicumque
1367 1526 1531 1600 velit,
1585 1526 1700 1586 alas
1743 1525 1949 1585 addere
1972 1573 1986 1599 ‚
2034 1524 2243 1603 quibus
2269 1525 2416 1585 ultra

622 1650 862 1720 pontum
897 1640 1238 1703 immersum
1274 1661 1377 1722 per
1415 1661 1619 1702 omnes
1662 1650 1842 1702 terras
1883 1650 2106 1716 vectUS‚
2137 1641 2416 1721 juvenum

622 1755 805 1834 epulis
836 1755 986 1815 inter
1021 1738 1336 1816 concentus
1376 1765 1636 1834 sertaque
1666 1755 1996 1830 misceatur,
2037 1775 2223 1834 neque
2245 1754 2417 1816 etiam
2476 1839 2481 1843 ἡ

623 1878 892 1957 ῐῐιοΓῐιωε
918 1871 1165 1949 pereat⁵.

703 1983 1094 2063 Theognidem
1119 1985 1309 2065 ipsum
1356 1979 1642 2064 vitamque
1672 1985 1826 2045 illius
1850 2003 1954 2065 per
1980 1985 2292 2064 fragmenta
2321 1984 2416 2045 illa

623 2098 971 2178 confusaque
995 2099 1249 2160 carmina
1270 2098 1774 2180 deprehendimus.
1821 2097 1929 2158 Hic
1960 2097 2168 2177 quibus
2191 2097 2417 2160 casibus

614 2210 858 2289 jactatus
889 2212 1057 2272 fuerit
1079 2235 1092 2286 3
1118 2212 1215 2273 hic
1240 2213 1391 2292 quali
1412 2212 1635 2287 anim0‚
1670 2232 1844 2291 quam
1873 2211 2054 2272 vivide
2079 2210 2416 2291 penitusque

624 2334 911 2385 commoto
936 2327 1190 2388 sortunae
1228 2328 1459 2389 adversa
1505 2327 1781 2401 senserit;
1828 2326 1923 2387 hic
1962 2324 2206 2404 denique
2244 2342 2416 2404 quem

623 2441 921 2521 proprium
965 2442 1174 2503 mentis
1221 2443 1483 2504 habitum
1529 2442 1638 2504 sibi
1680 2443 1802 2523 ipse
1847 2440 2238 2508 constituerit,
2289 2459 2418 2520 quae

623 2553 792 2614 fuerit
828 2556 979 2635 apud
1024 2575 1157 2616 eum
1194 2557 1287 2617 illa
1340 2565 1613 2636 tanquam
1654 2555 1892 2617 interior
1932 2555 2042 2616 vita
2087 2557 2259 2635 quam
2308 2553 2414 2615 sibi

627 2667 894 2747 quisque,
930 2669 1166 2731 remotis
1203 2670 1448 2732 externis
1471 2671 1643 2731 rebus
1664 2718 1678 2744 ,
1722 2668 2047 2753 meditando
2087 2666 2413 2728 sentiendo-

624 2803 732 2862 que
756 2783 921 2863 fingit
939 2833 952 2859 ,
993 2784 1309 2864 intelligere
1333 2794 1388 2846 et
1410 2784 1736 2865 perspicere
1759 2782 1820 2842 in
1844 2791 2114 2863 promptu
2145 2789 2248 2841 est.
2289 2779 2418 2850 Quo

623 2896 688 2956 fit
715 2906 779 2957 ut
803 2898 969 2958 nobis
1008 2898 1124 2959 fere
1153 2907 1305 2960 totus
1342 2898 1629 2978 Theognis
1651 2897 1940 2971 reddatur,
1978 2893 2254 2976 peculiari
2279 2895 2414 2954 sua-

624 3035 733 3094 que
763 3015 951 3077 indole
980 3014 1316 3088 instructus,
1358 3022 1412 3074 et
1439 3013 1697 3074 versibus
1728 3011 1839 3072 illis
1861 3011 2044 3071 vivido
2082 3009 2290 3071 affectu
2319 3007 2414 3067 in-

623 3130 919 3206 genueque
951 3128 1213 3188 facundia
1241 3129 1424 3208 plenis
1449 3126 1947 3189 vehementissime
1972 3120 2344 3185 moveamur(

691 3324 704 3349 1
744 3319 804 3364 V.
833 3316 1066 3364 601-612.
1158 3365 1161 3368 ,

690 3408 708 3432 ²
745 3404 801 3451 V.
829 3404 1002 3452 61-64.
2662 3405 2674 3430 ⁸

692 3496 708 3520 ⁵
745 3493 799 3540 V.
828 3493 1062 3541 865-880.
