2800 4368
838 165 877 205 s

1477 263 1556 272 -.
1599 225 1677 286 24
1712 259 1791 272 -..

733 373 990 454 regiones
1012 370 1333 449 migrabant
1354 370 1438 428 vel
1465 370 1813 430 contrarium
1837 368 1943 428 iter
1966 369 2351 447 sequebantur
2365 415 2380 443 ,
2409 386 2520 428 ne-

732 506 888 547 cesse
916 484 1021 544 fuit
1043 491 1107 543 ut
1130 482 1324 562 plures
1361 501 1427 542 ex
1456 499 1524 542 eo
1555 481 1772 542 fabulas
1805 482 2116 542 retinerent
2136 482 2520 561 Megarenses,

730 598 880 656 Hinc
907 594 1084 656 multa
1118 594 1189 654 de
1235 592 1573 654 Heraclidis.
1633 593 1854 673 Nempe
1899 594 1971 654 ab
2002 593 2112 652 illis
2142 592 2516 665 Alcmenam,

730 727 856 787 quae
892 706 1060 785 Argis
1095 707 1320 767 Thebas
1360 715 1558 787 petens
1586 706 1646 764 in
1694 705 1990 784 Megaricis
2025 704 2239 765 finibus
2267 702 2520 776 obierat,

729 821 1004 899 Megarae‚
1066 820 1327 900 Delphici
1379 819 1659 900 Apollinis
1699 820 1898 900 jussu,
1944 819 2117 880 fuisse
2162 817 2440 898 sepultam
2475 814 2520 873 ¹.

730 931 950 993 Pariter
978 932 1229 1013 sepultos
1258 932 1318 992 in
1344 933 1656 1013 Megaride,
1697 941 1751 993 et
1782 931 2166 1011 Eurystheum
2189 978 2203 1004 ,
2242 928 2303 987 in
2330 935 2526 988 monte

732 1046 975 1106 Gerania
1014 1046 1085 1107 ad
1113 1046 1256 1107 fines
1312 1046 1705 1107 Corinthiacos
1735 1046 1806 1106 ab
1861 1045 2012 1105 Iolao
2046 1044 2437 1116 interfectum,
2471 1049 2531 1100 et

732 1160 926 1238 postea
954 1160 1185 1240 Hyllum
1209 1208 1224 1234 ,
1258 1158 1693 1221 Heraclidarum
1728 1179 1794 1220 ex
1838 1158 2023 1219 Attica
2057 1158 2117 1217 in
2161 1157 2531 1236 Peloponne-

733 1290 862 1332 sum
883 1274 1089 1333 ducem
1112 1320 1127 1347 ,
1157 1291 1334 1351 quum
1351 1273 1467 1332 iere
1496 1272 1698 1332 eodem
1719 1273 1843 1333 loco
1874 1291 2008 1333 cum
2031 1270 2253 1331 Arcade
2272 1268 2530 1329 Echemo

695 1448 697 1450 ,
732 1404 848 1445 uno
878 1405 1029 1446 unus
1058 1385 1180 1465 ipse
1209 1405 1548 1466 congressus
1590 1387 1851 1467 periisset
1873 1385 1915 1444 ².

814 1500 859 1557 E
898 1498 1293 1579 Peloponneso
1331 1500 1400 1559 de
1452 1499 1771 1580 Pelopidis,
1814 1509 2021 1579 praeter
2078 1498 2420 1559 Alcathoum
2475 1504 2533 1558 ct

737 1613 1148 1694 Hyperionem,
1168 1615 1275 1676 alia
1313 1616 1750 1677 communicata.
1771 1616 1919 1676 Nam
1940 1615 2118 1676 tristis
2139 1615 2209 1674 de
2238 1611 2533 1693 Iphigenia

736 1727 940 1788 fabulae
973 1736 1194 1808 partem
1224 1729 1582 1808 Megarenses
1607 1729 1715 1790 sibi
1746 1729 2040 1808 rogabant,
2070 1731 2134 1788 ea
2160 1709 2381 1806 vulgata
2401 1723 2533 1805 opi-

738 1840 909 1901 nione
930 1890 944 1915 ,
990 1842 1050 1900 in
1073 1841 1330 1921 ipsorum
1365 1843 1506 1904 urbe
1542 1852 1598 1903 et
1628 1843 1992 1903 Calchantem
2021 1841 2335 1914 habitasse,
2361 1857 2535 1918 quem

740 1957 1090 2017 abducturus
1148 1954 1553 2035 Agamemnon
1592 1958 1714 2039 ipse
1764 1956 2049 2030 venisset,
2083 1954 2300 2016 inscius
2328 1955 2536 2015 futurae

742 2071 915 2132 cladis
950 2071 1312 2147 ministrum,
1346 2073 1642 2152 aedemque
1666 2071 1861 2132 Dianae
1910 2069 2177 2131 erexisset
2200 2070 2218 2095 ⁵
2246 2117 2260 2143 ,
2295 2076 2350 2129 et
2370 2066 2535 2148 Iphi·
2613 2120 2619 2126 .

743 2184 970 2263 geniam
999 2195 1285 2246 mortuam
1315 2205 1458 2248 esse.

826 2299 1025 2379 Neque
1053 2300 1197 2359 nihil
1227 2300 1410 2380 Argos
1444 2289 1685 2379 Megarae
1724 2298 2138 2379 suppeditavit:
2175 2298 2326 2376 quod
2359 2303 2538 2362 testa·-

745 2414 946 2488 batur,
987 2434 1167 2494 quum
1202 2415 1468 2490 Coroebi,
1514 2414 1690 2494 argivi
1731 2414 1922 2475 herois
1971 2424 2026 2475 et
2070 2412 2540 2495 Tripodiscorum

746 2529 1083 2605 conditoris,
1123 2529 1414 2610 egregium
1445 2530 1506 2588 in
1544 2530 1665 2590 foro
1700 2529 1982 2608 Megarico
2008 2536 2452 2589 monumentum
2475 2527 2538 2600 ⁴3

744 2652 869 2704 tum
897 2643 966 2703 de
995 2643 1119 2723 ipso
1146 2663 1277 2722 rege
1305 2643 1543 2703 Adrasto
1570 2643 1784 2717 fabula,
1813 2643 1946 2722 qui,
1992 2643 2286 2703 interfecto
2323 2661 2355 2702 a
2383 2640 2538 2701 The-

746 2758 911 2820 banis
945 2757 1063 2818 filio
1098 2757 1352 2837 AEgialeo
1379 2766 1434 2817 et
1455 2757 1623 2836 Pegis
1654 2757 1880 2837 sepulto
1901 2806 1915 2832 ‚
1949 2757 2071 2837 ipse
2107 2775 2285 2835 quum
2319 2753 2539 2816 exerci-

815 2982 829 3008 ¹
851 2978 925 3026 Id.
955 2977 1007 3037 Ι,
1034 2979 1117 3036 41,
1149 2980 1197 3026 1.

813 3065 1005 3123 2Ῑ(1.Ῑ,
1033 3065 1131 3124 44,
1161 3066 1254 3125 14;
1281 3067 1364 3125 41,
1393 3067 1445 3114 5,

816 3159 834 3183 ⁵
855 3155 928 3204 Id.
952 3154 977 3201 I
996 3192 1010 3213 ,
1034 3154 1098 3201 45
1120 3191 1133 3213 ‚
1164 3154 1186 3199 1
1210 3170 1222 3212 ;
1247 3154 1338 3213 44,
1369 3155 1415 3201 7.
1443 3155 1669 3219 Theogll.
1698 3150 1745 3203 V.
1776 3153 1891 3213 727,
1916 3154 1995 3203 ed.
2023 3154 2286 3203 Welckert

1087 3231 1244 3308 Κρτεμι
1267 3248 1484 3308 θηροφόνη,
1515 3249 1691 3309 θύγατερ
1717 3248 1804 3298 Διός
1822 3279 1833 3298 ,
1861 3247 1907 3297 ἣν
1931 3236 2180 3308 Ᾱγαμέμνων

1158 3337 1304 3391 εἶσαθ’,
1333 3331 1438 3388 ὅτ’ἑς
1466 3339 1614 3399 Τροίην
1649 3335 1910 3384 ἕπλεε“νηυσὶ
1935 3340 2044 3400 θοῇς.

817 3422 962 3471 ⁴Vid.
991 3422 1117 3472 intra
1135 3436 1243 3486 cap.
1267 3425 1335 3480 V,
1364 3424 1385 3484 ἕ
1412 3422 1489 3472 IV.
1517 3422 1660 3473 Paus.
1691 3423 1739 3483 Ι,
1765 3423 1862 3483 45,
1893 3424 1940 3471 7.
