2800 4368
828 168 866 208 S

1444 235 1764 294 ...36—

703 419 823 478 sam
859 398 1030 460 fuisse
1062 398 1238 476 liquet
1267 418 1279 454 ε
1335 398 1602 473 alteram,
1651 416 1825 476 quam
1865 397 2067 458 Graeco
2103 398 2274 459 verbo
2309 399 2500 460 dicere

699 518 895 591 liceat,
937 518 1183 596 Δωρισμὸν
1217 536 1231 588 ;
1280 512 1550 586 alteram,
1606 511 1858 591 regionis
1903 510 2083 591 ipsius
2125 521 2180 571 et
2229 510 2499 572 naturalis

700 631 839 691 situs
863 626 1278 689 conditionem.

779 741 825 800 E
862 742 1103 820 Megarae
1133 739 1393 800 Dorismo
1430 737 1755 819 praesertim
1794 747 1986 797 exorta
2023 746 2158 799 sunt
2186 738 2310 827 ejus
2338 757 2503 818 paene

699 863 963 916 constans
981 855 1052 915 ab
1070 852 1518 914 Atheniensibus
1538 851 1839 912 dissidium
1852 851 2279 930 pertinaciaque
2293 850 2502 910 horum

699 968 853 1042 odia,
903 968 1032 1047 qui,
1087 976 1152 1027 ut
1205 965 1484 1046 proximi,
1538 964 1765 1044 gravius
1811 963 1870 1022 in
1919 982 2048 1023 eam
2090 963 2500 1024 incubuerunt.

697 1082 1057 1160 Megarenses
1087 1079 1243 1139 enim
1264 1128 1279 1154 ,
1318 1078 1419 1138 ubi
1449 1096 1566 1136 non
1591 1078 1721 1157 jam
1752 1076 1833 1138 eis
1860 1076 2022 1136 licuit
2068 1076 2344 1155 integram
2379 1095 2508 1151 ser-2

698 1213 830 1254 vare
863 1192 1213 1266 libertatem,
1271 1210 1394 1251 sese
1427 1190 1813 1270 promptiores
1852 1189 1922 1250 ad
1973 1189 2289 1268 sequendas
2322 1189 2503 1250 Lace-

678 1288 1117 1367 daemoniorum
1167 1311 1355 1383 partes
1407 1302 1725 1382 praestitere
1766 1325 1777 1362 z
1819 1302 2011 1382 itaque
2062 1323 2093 1363 a
2142 1302 2502 1383 Thucydide¹

699 1419 848 1479 inter
889 1416 1339 1497 Peloponnesios
1393 1425 1874 1476 annumerantur.
1938 1416 2103 1486 Quod
2155 1417 2204 1478 si
2255 1416 2509 1477 Cimonis

699 1543 992 1613 tempore,
1030 1551 1208 1610 quum
1238 1530 1478 1591 Athenae
1506 1530 1713 1610 opibus
1744 1539 1800 1590 et
1836 1530 2097 1610 potentia
2126 1531 2375 1592 maxime
2395 1533 2505 1592 sso-

701 1655 921 1722 rerent‚
975 1664 1174 1706 earum
1224 1645 1489 1725 praesidia
1543 1645 1694 1705 ultro
1729 1643 2132 1720 vocaverunt²‚
2174 1664 2292 1705 non
2327 1647 2520 1714 multo

702 1770 830 1841 post
853 1759 964 1840 (Ol.
995 1759 1093 1834 83,
1126 1759 1155 1818 1
1182 1807 1195 1833 ,
1228 1778 1280 1818 a.
1312 1778 1363 1818 c.
1393 1758 1534 1838 448)
1559 1759 1632 1819 ab
1657 1758 1727 1819 iis
1754 1758 2045 1833 defecere,
2076 1768 2141 1820 ut
2170 1760 2509 1822 ad'Dorien-

704 1875 856 1936 sium
886 1873 1221 1935 societatem
1259 1871 1578 1931 redirent

783 1986 949 2046 Unde
982 1983 1426 2044 Atheniensium
1458 1984 1542 2043 ira
1576 1984 1938 2064 inexpiabilis
1971 2006 1982 2043 :
2024 1984 2121 2064 qui
2158 1986 2511 2066 Megarensi-

705 2102 812 2162 bus
830 2149 844 2176 ‚
878 2108 942 2160 ut
967 2098 1300 2179 gravissimo
1331 2117 1533 2159 eorum
1565 2098 1914 2158 commercia
1936 2099 2146 2160 damno
2171 2101 2468 2163 afficerent
2490 2149 2506 2177 ‚

709 2213 868 2274 omni
885 2232 1002 2273 suae
1024 2211 1254 2272 ditionis
1273 2221 1441 2291 portu
1465 2211 1824 2292 imperioque
1845 2213 2262 2275 interdixerunt
2283 2237 2297 2290 ;
2323 2235 2510 2295 neque

709 2331 820 2389 hoc
857 2328 1153 2388 decretum
1186 2326 1656 2406 antiquaverunt,
1697 2346 1808 2406 quo
1841 2328 2111 2413 abrogato
2142 2330 2512 2410 Peloponne-
2605 2406 2608 2409 Ι

712 2443 929 2504 siacum
960 2443 1100 2503 illud
1129 2443 1346 2503 bellum
1375 2441 1540 2502 vitari
1570 2451 1667 2503 aut
1692 2451 1844 2503 certe
1882 2443 2098 2504 differri
2129 2446 2344 2525 potuit⁴
2370 2470 2384 2522 ;
2420 2456 2511 2514 et,

713 2557 860 2617 bello
889 2555 1064 2630 inito,
1099 2555 1187 2616 bis
1222 2555 1526 2634 quotannis
1563 2575 1666 2635 per
1698 2575 1881 2618 annos
1919 2567 2137 2638 septem
2161 2560 2514 2640 Megaricum

723 2688 927 2748 agrum
977 2669 1231 2748 populati
1290 2678 1422 2730 sunt
1447 2669 1493 2727 ⁵.·
1541 2669 1770 2731 Scilicet
1820 2672 1993 2734 cladis
2042 2674 2368 2735 communis
2407 2677 2518 2753 qua

787 2919 799 2942 ¹
840 2914 893 2972 l,
923 2914 1039 2962 115.

783 3005 801 3029 ²
838 3000 1067 3064 Thucyd.
1097 3000 1148 3059 l,
1179 3002 1293 3051 105.

784 3093 802 3117 ⁵
838 3090 994 3139 ThuC.
1021 3089 1068 3147 I,
1098 3091 1211 3147 114,
1241 3089 1444 3140 Diodor.
1471 3092 1581 3147 XII,
1611 3095 1658 3142 ὃ.
1704 3100 1727 3150 J

785 3181 805 3206 ⁴
839 3178 1060 3242 Thucyd.
1091 3179 1140 3238 Ι,
1172 3179 1236 3226 67
1263 3187 1313 3227 et
1337 3180 1453 3228 159.
1483 3180 1737 3244 Aristoph.
1768 3182 1885 3232 Pax.
1914 3183 2028 3231 246.
2058 3182 2226 3232 Schol.
2276 3184 2339 3234 ad
2386 3185 2519 3235 hunc

720 3267 884 3315 locum
910 3304 921 3315 .
938 3267 1196 3317 Plutarch.
1232 3266 1408 3316 Pericl.
1436 3269 1611 3317 29-51.

786 3356 804 3381 ⁵
840 3353 1060 3417 Thucyd.
1088 3354 1147 3413 11,
1177 3341 1233 3403 51
1258 3372 1270 3415 ;
1297 3355 1383 3414 lv,
1403 3355 1487 3406 66.
1507 3355 1761 3421 Aristoph.
1784 3357 1999 3407 Acharn.
2021 3375 2066 3408 v.
2087 3360 2182 3408 762
2202 3374 2294 3422 sq..
2312 3359 2514 3410 moder.

719 3440 833 3500 xn,
861 3442 943 3490 44.
