2800 4368
1054 268 1246 328 ..71
1294 303 1375 313 ..-

326 414 692 488 laboravisse‚
723 422 807 488 et,
841 415 1082 494 quadam
1127 421 1451 494 temporum
1482 413 1814 474 necessitate
1850 431 1965 475 non
1981 414 2101 494 jam

325 528 581 608 digniora
618 523 960 601 sinendum,
1000 545 1066 586 eo
1102 527 1359 588 redactos
1397 519 1519 587 esse
1560 535 1623 587 ut
1656 527 1835 592 ventri
1871 526 2112 588 liberius

325 640 672 718 indulgendo
691 638 809 700 sibi
841 639 1182 719 voluptatem
1217 648 1558 718 quaererent.
1589 638 1766 700 Antea
1794 640 1979 715 eni-m,
2018 641 2111 701 fe·—

18 771 22 778 ’
74 756 98 787 “”
238 735 239 738 “
325 753 619 815 licioribus
654 752 1116 833 tempestatibUS‚
1156 771 1334 832 quum
1363 751 1595 831 propria
1622 751 1836 831 magiS‚
1876 755 2113 814 strenua·

324 865 618 945 dignaque¹
638 865 751 950 *vita
782 865 1073 939 viverent,
1107 864 1244 925 alias
1285 864 1507 924 Doricae
1558 864 1792 943 originis
1816 873 2011 944 gentes
2043 885 2110 926 ex

324 977 535 1058 quibus
568 996 909 1057 ,nuncupare
946 977 1077 1038 satis
1114 976 1186 1037 sit
1218 975 1475 1051 Siculos,
1507 976 1825 1038 ¹Thebanos
1855 977 2111 1039 Thessa-

324 1091 548 1170 losque,
596 1090 970 1171 temperantia
1011 1089 1374 1170 superabant.
1415 1089 1506 1150 Ne>
1539 1090 1838 1150 Platonem
1881 1090 2105 1152 Isocra-

310 1211 554 1282 temque
577 1221 778 1263 rursus
800 1202 870 1261 ad
910 1200 1302 1261 testimonium
1353 1220 1552 1262 vocem
1573 1249 1588 1276 ‚
1641 1200 1863 1280 Polybii
1918 1201 2116 1262 locum

327 1335 497 1396 supra
530 1314 544 1343 ¹
602 1314 892 1374 laudatum
930 1313 1006 1373 ita
1054 1313 1365 1374 Athenaeus
1396 1313 1418 1342 ²
1453 1314 1854 1394 interpretatus
1882 1321 1996 1387 est,
2050 1322 2114 1374 ut

327 1429 684 1508 Megarenses
726 1428 796 1488 ad
855 1426 1099 1489 Achaeos
1136 1448 1168 1488 a
1224 1428 1436 1490 Boeotis
1490 1428 1626 1489 ideo
1670 1427 1914 1491 maxime
1957 1429 2109 1508 quod

325 1540 536 1601 horum
558 1540 817 1618 gulosam
846 1538 1156 1618 ingluviem
1179 1559 1330 1619 aegre
1358 1540 1598 1615 ferrent,
1627 1540 1934 1601 descivisse
1947 1541 2111 1602 affir*

236 1736 241 1740 „
325 1660 526 1714 maret.
563 1652 778 1712 Verum
819 1661 884 1712 ut
921 1671 953 1711 a
996 1652 1400 1713 Thebanorum
1419 1652 1900 1732 intemperantia,
1956 1653 2032 1714 ita
2077 1675 2120 1715 av

326 1767 731 1846 Spartanorum
767 1763 1080 1842 frugalitate
1129 1765 1512 1826 abhorrebant
1546 1765 1922 1844 Megarenses.
1984 1767 2114 1826 Jam

324 1897 356 1941 a
374 1876 586 1957 primis
615 1876 970 1956 temporibus
982 1877 1134 1956 apud
1156 1895 1253 1938 eos
1282 1876 1450 1938 lautis
1481 1877 1696 1938 mensis
1717 1877 1916 1939 divites
1931 1897 2107 1939 accu-

290 1986 512 2053 ssbuisse
536 1989 875 2050 Plutarchus
903 1991 922 2016 ⁵
953 1999 1267 2065 memorat,
1314 1991 1466 2070 quod
1495 1990 1868 2052 Doriensibus
1923 1992 2145 2053 mori-—

322 2103 429 2165 bus
459 2112 590 2165 erat
654 2112 1120 2164 consentaneum.
1171 2103 1395 2184 Quippe
1438 2104 1578 2164 illud
1630 2105 1945 2165 notandum
1985 2115 2106 2180 est,

322 2216 474 2297 apud
506 2201 720 2285 Dores‚
775 2216 1023 2296 exceptis
1064 2216 1389 2295 Spartanis,
1448 2216 1780 2295 exquisitius
1820 2217 2110 2296 ¹largiusve

323 2329 589 2410 epulandi
613 2348 869 2390 amorem
890 2330 1283 2409 Syssitz'orum‘
1299 2338 1355 2390 et
1372 2328 2103 2411 Ιίαρίηαναφη(Εῑλαπινῶν)5,

323 2441 683 2522 publicarum
722 2442 982 2504 Deorum
1029 2444 1327 2524 epularum
1350 2493 1364 2519 ‚
1414 2443 1824 2504 consuetudine
1875 2452 2107 2504 auctum

323 2573 472 2630 esse,
504 2575 676 2635 quam
704 2556 944 2636 Megarae
973 2556 1217 2636 viguisse
1243 2557 1529 2636 Theognis
1566 2556 1777 2617 indicio
1799 2565 1902 2618 est.

350 2726 351 2729 ,
390 2667 561 2730 Idem
607 2668 1032 2748 Megarensibus
1075 2670 1313 2738 accidit,
1364 2671 1514 2749 quod
1554 2670 1853 2731 fere'solet
1884 2670 2108 2750 populis

247 2851 251 2853 Α
323 2781 473 2862 apud
500 2800 642 2862 quos
666 2801 769 2863 per
805 2783 1220 2844 commercium
1245 2782 1698 2862 industriamque
1726 2783 1891 2844 luxus
1912 2782 2105 2843 incre—
2174 2840 2184 2846 .

273 2936 275 2939 .
324 2893 420 2972 vit,
453 2902 517 2956 ut
538 2895 837 2976 voluptatis
857 2905 1112 2957 amantes
1142 2905 1350 2958 essent.
1379 2896 1566 2966 Quare
1588 2897 1739 2977 apud
1768 2915 1865 2958 eos
1889 2896 2102 2970 VenuS‚

395 3127 407 3155 ¹
446 3124 617 3187 Polyb.
645 3125 680 3173 l.
707 3125 819 3184 XX,
847 3125 895 3174 6.
924 3125 1033 3174 Vid.
1060 3138 1240 3188 supra,
1268 3140 1325 3188 p.
1351 3127 1432 3174 57.

391 3218 410 3243 ²
450 3212 674 3261 Athenae.
702 3212 737 3260 1.
763 3212 834 3271 X,
863 3227 906 3263 c.
934 3214 966 3262 4
985 3250 998 3272 ‚
1025 3228 1075 3276 p.
1103 3213 1203 3262 418
1226 3212 1336 3263 Cas.

392 3304 411 3331 ⁵
444 3300 629 3359 Quaest.
657 3314 735 3364 gr.
766 3301 845 3350 18.
874 3303 975 3352 vol.
1003 3303 1057 3362 7,
1082 3317 1133 3365 p.
1165 3302 1262 3351 184
1289 3299 1454 3350 Reisk.

391 3391 410 3421 ⁴
445 3389 671 3454 Theogn.
700 3404 747 3438 v.
774 3389 891 3439 269.
919 3391 1109 3440 Welck.

396 3481 414 3508 ὅ
451 3478 523 3528 ld.
563 3494 610 3528 v.
639 3479 751 3528 751.
795 3477 987 3529 Welek.
