2800 4368
1051 254 1368 315 -55-

323 407 589 476 ,tanquam
618 394 899 475 optimum
934 394 1196 456 omnium
1226 396 1509 475 Theognis
1546 399 1934 476 proponebat:
1977 399 2090 460 sci-

321 508 452 596 licet
470 508 785 570 constantia
804 516 859 568 et
883 508 1127 586 quadam
1151 517 1216 571 ut
1234 508 1432 583 animi,
1461 508 1536 569 ita
1557 508 1782 570 habitus
1802 510 2093 591 majestate

198 605 231 694 *q
259 670 261 672 -
320 618 564 685 maxime
598 619 962 701 conspicuus.
994 619 1141 682 Deos
1164 620 1582 700 omnipotentes
1608 623 1669 683 ea
1693 621 1899 700 pietate
1919 642 2092 684 vene-

210 714 219 775 ἶ
247 715 256 767 ἶ
321 721 496 805 ratur,
548 740 612 793 ut
658 750 856 794 eorum
898 732 1046 792 dona
1067 780 1080 806 ‚
1142 732 1574 811 qualiacumque
1639 732 1786 807 sint,
1837 742 1892 794 et
1944 752 2096 797 caeca
2133 759 2143 773 x

319 842 412 904 fati
470 844 726 923 decreta,
788 862 951 923 aequo
1001 843 1194 906 ani-mo
1245 844 1589 923 experiatur,
1642 863 1760 905 non
1809 854 2095 915 certarnen

318 953 855 1037 inutileaggressus‚
882 956 980 1016 sed
1007 955 1059 1015 vi
1087 954 1290 1017 intima
1308 955 1485 1015 fretus
1507 957 1622 1034 qua
1647 975 1845 1017 secum
1872 976 2097 1037 semper

317 1065 439 1147 ipse
466 1078 723 1131 constet:
757 1089 823 1130 eo
853 1069 1009 1130 enim
1033 1069 1185 1133 inter
1201 1068 1381 1130 varias
1409 1068 1650 1130 fortunae
1677 1068 1885 1148 iniquae
1922 1070 2092 1131 vicis-

317 1179 590 1244 situdines
625 1201 754 1243 vere
789 1182 961 1243 bonus
995 1191 1050 1244 et
1083 1182 1233 1243 malo
1277 1182 1382 1243 isto
1410 1182 1576 1262 vulgo
1606 1182 1864 1263 superior
1887 1201 2093 1262 argue-

316 1299 430 1367 tur,
464 1295 614 1373 quod
649 1313 833 1374 neque
858 1293 918 1352 in
942 1294 1232 1374 prosperis
1262 1295 1433 1356 rebus
1467 1294 1659 1355 laetitia
1694 1294 1890 1355 insana
1919 1294 2096 1355 elatus

274 1423 279 1425 ’
314 1405 596 1470 videbitur
617 1424 801 1485 neque
828 1405 888 1465 in
915 1406 1163 1467 adversis
1193 1407 1467 1487 deiectus,
1495 1407 1640 1469 etad
1668 1406 1795 1468 vilia
1817 1417 2096 1487 pravaque

314 1522 563 1599 quaestus
595 1538 789 1580 amo-re
821 1529 876 1580 et
903 1520 1224 1581 malesuada
1267 1528 1597 1599 paupertate
1634 1529 1861 1582 coac-tus
1881 1522 1919 1579 ¹.
1947 1521 2095 1583 Nam

313 1632 539 1693 modum
555 1631 630 1712 (τὸ
670 1631 894 1713 μέτρον),
937 1632 1092 1692 novit
1111 1630 1166 1705 ²;
1196 1631 1438 1711 ideoque
1465 1631 1629 1693 factis
1654 1632 1930 1711 dictisque
1951 1633 2095 1694 nihil

313 1742 704 1824 intempestive
746 1752 801 1804 et
835 1742 1164 1804 indecenter
1193 1742 1481 1817 admittet,
1520 1742 1742 1804 silentio
1780 1745 2101 1824 saepissime·

316 1876 472 1947 usus,
500 1857 650 1936 quod
687 1855 840 1918 stulti
874 1856 1139 1942 ignorant
1167 1876 1181 1914 ;
1214 1874 1422 1935 nempe
1461 1877 1489 1913 «
1528 1856 1723 1922 oculos
1757 1865 1813 1918 et
1840 1857 2097 1937 linguam.

288 1977 572 2061 <et„aures
603 1979 674 2031 et
711 1979 966 2032 mentem
1008 1970 1212 2031 intimo
1245 1969 1307 2029 in
1339 1978 1573 2050 pectore
1621 1972 1771 2053 apud
1804 1972 2098 2052 ⁴sapientes

309 2090 511 2154 natura
553 2083 876 2160 condidit⁵3
922 2107 949 2142 )>
1000 2102 1185 2163 neque
1228 2082 1496 2143 indecora
1531 2083 1903 2163 trepidatione
1951 2104 2090 2164 pro-

309 2205 498 2283 perat,
524 2197 622 2258 sed
640 2197 798 2260 'salva
820 2195 1085 2275 gravitate
1111 2195 1368 2278 observat
1399 2213 1511 2274 quo
1539 2213 1633 2254 res
1665 2214 1904 2275 quaeque
1938 2204 2088 2256 tem-

309 2329 449 2393 pore
499 2309 825 2390 incipienda
881 2308 1009 2369 sit‘².
1072 2307 1363 2368 Nimirum
1412 2327 1477 2369 ea
1543 2317 1674 2369 sunt
1734 2307 1940 2388 quibus
2007 2307 2091 2368 vir

308 2423 516 2488 nobilis
557 2423 822 2484 virtutem
877 2422 1138 2504 (ἀρετήν),
1197 2423 1308 2483 hoc
1360 2430 1445 2483 est
1505 2421 1892 2483 excellentiam
1946 2439 2087 2482 con-

91 2550 127 2562 ⁸
214 2543 216 2546 ’
308 2538 625 2620 sequetur⁵.

218 2675 247 2685 ”
307 2706 316 2733 ,»
373 2650 635 2731 {Longius
669 2651 860 2711 forsan
893 2669 925 2711 a
960 2649 1281 2733 proposit0‚
1320 2658 1500 2731 ΡΟθιθθ
1543 2647 1856 2729 insistends'
1917 2645 2087 2707 veSti‘

306 2762 446 2848 giis,
473 2763 746 2827 erravisse
785 2763 938 2824 visus
973 2781 1070 2823 ero
1108 2785 1119 2822 :
1169 2764 1268 2824 sed
1304 2763 1443 2824 illud
1480 2782 1598 2843 prae
1633 2781 1726 2822 me
1756 2762 1964 2835 feram,
1996 2777 2090 2821 me

272 2936 275 2941 ,
307 2865 452 2950 nihil
479 2876 629 2946 aliud
665 2896 838 2957 quam
881 2895 1070 2938 mores
1103 2895 1169 2938 ac
1206 2897 1408 2938 sensus
1448 2876 1722 2956 quosdam
1758 2895 1789 2935 e
1820 2870 2090 2954 peculiari

374 3103 387 3130 ¹
424 3101 481 3150 v.
508 3086 1018 3150 561-612.'1o5-1oo.

371 3191 390 3222 2
426 3189 481 3237 V.
508 3188 746 3237 659-642.
772 3190 888 3238 477.
917 3190 999 3238 55.

366 3278 391 3305 ⁵
425 3275 482 3324 v.
505 3273 621 3324 467.
650 3276 764 3324 645.

371 3365 392 3392 ⁴
424 3362 481 3411 v.
509 3362 623 3411 651.
653 3363 770 3412 655.
796 3363 911 3414 446.
941 3362 1058 3411 460.

372 3452 391 3479 ⁸
426 3449 482 3498 v.
513 3449 627 3499 652.
656 3449 771 3498 907.
910 3458 914 3459 ⁷
