2800 4368
1030 387 1109 395 -
1153 349 1230 410 37
1272 387 1350 396 .-

297 478 511 556 beuum
567 490 704 552 iilud
763 491 1212 552 funestissimum
1272 500 1454 552 totam
1513 491 1795 551 craeciam
1853 491 2077 567 afflixit,

290 611 454 688 ¹haud
482 625 767 701 minorem
796 633 1017 704 partem
1042 625 1266 704 Megara
1290 624 1484 685 s01·tita
1509 632 1612 684 est.
1644 623 1841 702 Neque
1861 633 2081 697 tamen,

192 731 194 735 ’
265 733 479 817 “quum
531 719 680 817 saepe
715 735 950 815 singulae
997 736 1244 796 civitates
1287 736 1356 796 ad
1404 745 1744 815 praesentem
1786 735 2087 795 utilitatem
2127 751 2132 758 ’

305 849 701 910 tantummodo
732 844 1077 929 spectarent,
1116 847 1379 907 Doriensi
1403 866 1594 907 *causae
1618 847 1789 907 fidem
1812 866 1928 907 non
1951 850 2090 908 ‘ser-

303 963 468 1023 vavit.
524 963 715 1032 Quum
754 961 907 1022 enim
959 958 1159 1042 pacem
1209 979 1342 1019 cum
1389 958 1627 1020 Athenis
1669 960 2091 1020 Lacedaemonii

301 1058 618 1143 sancirent,
662 1075 818 1134 omni
841 1073 1159 1155 posthabita
1181 1072 1599 1152 Megarensium
1637 1076 1806 1147 cura,
1847 1092 2091 1151 quorum

303 1187 535 1249 nomine
569 1188 785 1247 bellum
822 1193 1149 1265 susceptum
1185 1177 1302 1264 prae
1341 1205 1400 1245 se
1440 1186 1717 1261 tulerant,
1767 1187 2093 1246 maluerunt

231 1292 234 1294 ’
301 1311 492 1362 tamen
519 1299 873 1376 Megarenses
902 1297 961 1356 in
986 1305 1193 1358 eorum
1213 1298 1478 1359 societate
1507 1307 1760 1378 perstare
1779 1348 1793 1374 ,
1827 1319 1999 1378 quam
2022 1299 2091 1359 ad

294 1409 541 1489 ‘Argivos
568 1410 741 1469 fidem
770 1418 1047 1470 tentantes
1073 1410 1418 1485 desciscere,
1459 1429 1705 1490 quorum
1738 1411 1953 1472 scilicet
1985 1431 2092 1491 po-

303 1517 517 1604 pularis
552 1523 879 1604 reipublicae
907 1531 1081 1583 status
1119 1523 1311 1584 minus
1341 1523 1479 1602 ipsis
1512 1524 1890 1584 conveniret¹.
1925 1523 2091 1585 Haud

305 1635 550 1697 absimili
585 1636 873 1715 exemplo,
913 1636 1095 1696 multo
1130 1635 1346 1709 serius,
1386 1654 1564 1714 quum
1605 1635 1663 1693 in
1717 1635 1971 1710 Graecia,
2012 1644 2092 1695 tot

305 1747 757 1827 dominationum
804 1747 1023 1808 vicibus
1078 1748 1335 1827 fatigata,
1386 1747 1508 1826 jam
1573 1748 1765 1809 omnia
1816 1750 2081 1824 confusa,

247 1929 250 1933 ,
306 1863 508 1937 frustra
557 1859 964 1921 reluctantibus
1012 1859 1274 1935 Achaeis,
1325 1861 1394 1920 ad
1457 1860 1692 1922 exitium
1746 1872 2085 1943 vergerent,

251 2025 259 2034 x
286 1959 478 2090 ‘iidem
504 1982 659 2051 tanto
689 1991 820 2034 suos
845 1991 1034 2033 mores
1061 1993 1273 2053 suaque
1301 1973 1554 2034 instituta
1585 1975 1769 2035 studio
1801 1976 2083 2052 colebant,

266 2050 370 2165 fut
404 2105 436 2146 a
468 2085 799 2145 Boeotorum
835 2084 1117 2158 amicitia,
1152 2085 1282 2163 quia
1321 2085 1530 2146 horum
1576 2086 1714 2167 ipsis
1757 2087 2088 2168 displiceiet

309 2178 662 2279 respublica2
678 2245 692 2272 ‚
732 2196 1120 2282 discesse1int.x

316 2392 318 2394 v
389 2294 508 2372 Nec
553 2309 743 2370 minor
793 2310 1086 2388 Megaricae
1131 2309 1381 2371 historiae
1425 2331 1555 2391 pars
1594 2313 1664 2372 ad
1710 2313 1869 2374 urbis
1909 2314 2083 2374 situm

310 2424 594 2508 pertinere
638 2422 755 2483 visa
786 2430 888 2482 est.
923 2422 1093 2497 Quae,
1128 2422 1174 2483 si
1202 2422 1415 2502 primas
1460 2422 1520 2482 in
1563 2423 1784 2484 Graecia
1831 2424 2087 2485 obtinere

287 2538 572 2599 ‹valuisset
586 2586 600 2612 ,
622 2538 737 2597 fere
759 2535 1011 2596 infinitos
1035 2535 1166 2596 inde
1188 2536 1538 2616 percepisset
1558 2536 1815 2598 utilitatis
1839 2538 2081 2612 fructuS,

312 2633 413 2712 seu.
447 2649 515 2709 ad
554 2649 800 2722 bellum,
836 2667 934 2708 seu
957 2648 1026 2708 ad
1057 2647 1391 2707 commercii
1422 2649 1906 2710 commoditatem.
1943 2651 2091 2710 Nam

90 2795 100 2817 ⁴
234 2808 256 2828 „
297 2761 373 2822 ·in·
400 2761 600 2822 ‘medio
630 2761 898 2829 Graeciae,—
937 2761 1085 2822 inter
1118 2761 1295 2823 maria
1330 2762 1479 2837 duc,
1521 2761 1731 2841 posita,
1786 2782 1956 2841 quarn
1999 2764 2091 2822 fa-

280 2951 282 2955 ,
317 2876 524 2937 cillime
567 2876 756 2957 copias
803 2876 862 2936 in
911 2895 1331 2955 quamcumque
1365 2877 1747 2956 Peloponnesi
1786 2878 1868 2937 vel
1901 2878 2090 2938 conti-

317 2989 503 3051 nentis
536 3009 692 3051 oram
739 2989 1038 3064 voluisset,
1092 2988 1329 3075 navibus
1374 2991 1702 3064 traducere,
1759 2999 1813 3050 et
1849 2989 2095 3050 Orientis

288 3147 291 3149 -
319 3094 763 3181 Occidentisque'
783 3101 1002 3162 divitias
1032 3101 1092 3160 in
1122 3120 1253 3162 suos
1278 3111 1474 3182 portus
1505 3103 1839 3172 contrahere
1871 3102 2094 3183 potuis-

319 3223 421 3276 set.
447 3214 518 3274 At
542 3214 739 3275 saltem
762 3214 855 3275 illa
880 3215 1020 3276 situs
1043 3214 1435 3295 opportunitas
1457 3223 1679 3276 tantum
1702 3212 1942 3296 Megarae
1967 3235 2107 3296 pro-

388 3472 401 3497 ¹
439 3467 659 3530 Thucyd.
688 3468 744 3526 V,
774 3469 854 3516 51.

385 3559 404 3584 2
440 3549 819 3621 Δυςαρεστὴσοεντες
848 3567 899 3623 τῇ
923 3562 1110 3622 πολιτείᾳ
1140 3567 1218 3606 τῶν
1243 3566 1448 3605 Βοιωτῶν.
1478 3554 1648 3617 Polyb.
1678 3555 1712 3603 l.
1741 3566 1834 3614 XX,
1863 3554 1912 3601 6.
