2800 4368
1075 295 1393 354 „97-

346 436 523 500 riores
544 484 558 511 ,
595 437 666 498 ab
694 436 960 497 omnibus
982 455 1141 515 aeque
1165 446 1538 517 contemptos.
1570 437 1654 498 Ad
1687 439 1797 500 hoc
1820 439 2122 502 verisimile

346 558 431 611 est
451 549 602 609 haud
622 548 869 609 multum
891 547 1238 608 discriminis
1256 548 1595 627 Megaricam
1619 551 1957 612 comoediam
1980 551 2128 612 inter

346 672 402 724 et
428 663 673 723 Atticam
694 710 709 737 ,
748 661 1081 742 priusquam
1123 661 1385 722 Cratinus
1426 663 1742 739 exsisteret,
1774 665 2126 739 interfuisse3

345 795 412 836 ac
441 795 512 836 ne
546 775 716 836 rudes
751 773 878 835 illos
908 773 1229 854 primorum
1257 781 1581 852 temporum
1614 786 1805 855 poetas
1834 779 2124 852 advocem,

347 887 788 967 Aristophanem
808 885 1000 965 ipsum
1018 884 1206 944 nullos
1228 883 1338 943 nisi
1358 889 1590 945 venusta
1610 887 1927 949 urbanitate
1942 890 2134 968 exqui-

350 1000 487 1062 sitos
515 999 656 1060 sales
691 995 988 1057 admisisse
1017 994 1143 1074 quis
1182 995 1518 1055 contendat?

429 1111 710 1170 Praeterea
732 1108 870 1168 illud
902 1106 1233 1185 neutiquam
1258 1106 1730 1184 obliviscendum,
1753 1111 2128 1189 MegarenseS‚

349 1222 831 1303 quemadmodum
878 1220 1180 1280 Politicam
1212 1220 1581 1297 comoediam,
1621 1222 1696 1283 ita
1734 1224 1952 1298 Novam
1981 1225 2135 1287 illam

349 1337 668 1417 auspicatos
702 1350 861 1408 esse,
907 1334 975 1393 ad
1024 1352 1215 1394 mores
1257 1333 1503 1413 privatos
1554 1337 1963 1416 pertinentem,
2011 1360 2137 1419 quae

349 1448 589 1510 Athenis
638 1466 807 1508 suum
843 1446 1254 1520 Menandrum,
1294 1447 1680 1509 recentiorum
1729 1469 1860 1510 vero
1909 1460 2138 1513 aetatum

351 1561 577 1644 populis
613 1581 815 1622 omnes
866 1580 1000 1622 suos
1048 1560 1300 1622 comicos
1334 1561 1640 1640 scriptores
1675 1564 1916 1643 peperit.
1958 1565 2141 1645 Atque

351 1674 446 1734 hic
489 1693 604 1734 non
647 1672 936 1732 immerito
973 1671 1185 1750 aliquid
1224 1672 1293 1731 ad
1347 1680 1600 1732 nostram
1640 1674 1922 1752 Megaram
1966 1696 2031 1736 ex
2078 1681 2142 1737 ea

351 1787 529 1867 gloria
564 1784 958 1858 retulerimus,
998 1802 1169 1862 quam
1224 1783 1446 1847 colonia
1484 1784 1639 1863 eJUS,
1675 1785 1851 1846 sicula
1882 1787 2103 1867 Megara
2125 1837 2139 1863 ‚

352 1899 541 1979 genito
570 1897 940 1978 EpicharmO,
969 1896 1169 1975 adepta
1200 1904 1304 1956 est.
1342 1895 1480 1965 Quae
1517 1897 1672 1956 enim
1703 1906 1758 1957 et
1789 1898 1910 1978 ipsa
1938 1919 2144 1978 parens

354 2009 681 2074 6011106111661
721 2009 833 2071 dici
877 2027 994 2068 11011
1043 2007 1319 2087 potuisset
1369 2008 1557 2087 potius
1599 2029 1769 2089 quam
1812 2010 2100 2090 Syracusae
2124 2060 2138 2084 ‚

352 2126 452 2187 ubi
501 2134 556 2186 et
596 2124 842 2185 maxime
865 2172 879 2199 ,
929 2125 1119 2184 eversa
1156 2122 1379 2200 Megara
1402 2171 1416 2197 ,
1456 2123 1577 2202 ipse
1621 2122 2036 2202 Epicharmus,
2092 2135 2149 2185 et

355 2234 678 2303 constanter
719 2237 1018 2311 Phormis,
1062 2235 1186 2315 ejus
1228 2235 1461 2314 aequalis
1493 2235 1884 2315 aemulusque,
1930 2237 2143 2298 florue-

356 2363 517 2429 runt,
553 2352 696 2428 nisi,
722 2350 873 2412 ludis
904 2349 1141 2434 comicis
1166 2348 1409 2439 ablurbe
1435 2348 1634 2409 Graeca
1660 2348 1908 2428 acceptis
1925 2397 1939 2423 ,
1968 2349 2050 2410 sic
2076 2350 2147 2410 ab

356 2469 573 2549 origine
610 2467 759 2527 inter
805 2474 1039 2526 caeteras
1073 2461 1281 2523 Siciliae
1318 2461 1570 2522 civitates
1615 2461 1968 2523 eminuisset.
2004 2461 2145 2542 Epi-

357 2584 659 2644 charmum
688 2599 863 2661 penes
898 2577 1004 2638 fuit
1042 2577 1192 2650 laUS,
1234 2593 1516 2636 consensu
1554 2575 1813 2636 omnium
1845 2593 2142 2649 concessa,

358 2695 652 2758 comoediae
689 2693 943 2774 primum
983 2690 1052 2750 ad
1090 2687 1299 2749 nobilis
1345 2686 1480 2747 artis
1522 2687 1853 2765 dignitatem
1898 2696 2142 2748 evectae:

358 2810 569 2891 quippe
590 2808 687 2888 qui
710 2807 792 2868 illi
815 2815 870 2867 et
890 2823 1083 2866 veram
1108 2800 1605 2882 compositionem,
1634 2801 1842 2861 fabulae
1874 2802 2148 2881 cujusque

358 2923 614 3006 partibus
642 2922 792 2982 inter
829 2939 888 2981 se
921 2927 1050 2998 apte
1087 2912 1408 2988 connexis²,
1450 2922 1505 2974 et
1538 2913 1663 2993 styli
1690 2914 1945 2974 laborem
1979 2914 2144 2975 adhi-

427 3245 442 3271 ¹
480 3239 630 3290 Arist.
653 3239 796 3288 Poet.
822 3236 885 3285 111
905 3273 918 3295 ‚
948 3236 999 3284 5.

427 3333 446 3361 ²
483 3328 616 3385 Οὗτος
637 3331 658 3377 ὁ
683 3320 934 3392 [ἧπίχαρμος
957 3330 1032 3376 τὴν
1057 3321 1269 3387 κωμῳδίαν
1287 3320 1566 3385 διεῤῥιμμένην
1584 3322 1840 3370 ἀνεκτήσατο
1866 3321 1997 3367 πολλὰ
2020 3339 2150 3383 προς-

362 3424 675 3487 φιλοτεχνήσας.
707 3415 949 3476 Anonym.
978 3411 1041 3459 de
1065 3407 1317 3465 comoed,
1348 3421 1399 3469 p.
1427 3418 1514 3454 xn.
1544 3403 1614 3453 Cf.
1641 3404 1791 3454 Arist.
1822 3405 1956 3454 l'oet.
1984 3408 2044 3456 V.

1871 3558 1906 3610 7
