2800 4368
1064 275 1381 335 ..91-

350 419 609 508 ,izfflfflue
636 418 886 497 profecto
921 418 1071 498 apud
1107 427 1321 478 veteres
1360 416 1570 477 minori
1599 418 1762 481 laude
1791 414 2107 480 floruit‘ille

289 525 310 532 ”
332 525 537 612 ‘f‘yrtaei
563 529 898 609 Solonisque
920 530 1161 590 aemulus
1186 552 1200 604 ;
1245 531 1342 590 sed
1365 530 1440 590 ita
1468 539 1659 591 tamen
1690 540 1752 592 ut
1778 531 1839 591 in
1876 551 1943 593 eo
1973 551 2103 592 mo-

26 624 93 674 Ψ
172 627 286 715 353·ss
312 638 471 709 *ralia
507 639 884 721 magis-quam
922 650 1124 702 caetera
1160 642 1581 731 celebrarentur
1610 664 1621 701 :
1661 643 1791 722 quia
1831 643 2108 705 nimirum

335 762 716 830 venustatem,
753 753 898 828 vim,
948 764 1290 833 caeterasque
1340 774 1560 833 magnae
1606 756 1941 835 eloquentiae
1986 757 2111 817 vir-

338 875 486 931 tutes
531 868 726 930 minus
767 869 950 930 Graeci
984 870 1349 944 mirarentur,
1400 879 1463 930 ut
1511 871 1786 949 vulgatas,
1825 871 2112 951 sapientiae

337 990 528 1043 autern
576 992 858 1063 praecepta
879 1031 893 1058 ,
948 983 1140 1044 minus
1184 981 1482 1062 perspicue
1535 982 1846 1058 intellecta,
1899 983 2113 1045 avidius

288 1146 294 1152 .
338 1091 652 1156 haurirent.
689 1095 784 1156 Sic
814 1094 1156 1174 Megarensis
1181 1103 1360 1174 poetae
1383 1095 1676 1156 sententiis
1706 1096 1891 1155 honor
1914 1116 2111 1157 acces-

341 1204 440 1282 sit,
491 1226 629 1287 quas
663 1208 725 1269 in
759 1209 988 1268 brevem
1019 1207 1309 1287 elegorum
1348 1208 1588 1268 formam
1619 1217 1935 1269 contractas
1955 1208 2117 1269 facile

342 1337 540 1382 omnes
566 1320 625 1380 in
651 1320 992 1380 memoriam
1026 1320 1376 1382 admiserunt
1412 1321 1900 1401 retinueruntque.
1935 1321 2028 1382 Sic
2057 1321 2116 1381 in

343 1448 573 1495 scenam
609 1451 833 1512 quoque
862 1433 1155 1512 prodiere,
1196 1452 1373 1512 quum
1402 1451 1496 1493 eas
1538 1427 1847 1512 Sophocles
1881 1433 2117 1514 Euripi-

90 1596 110 1637 ,
181 1562 208 1581 2*
249 1584 251 1586 -
342 1547 558 1626 desque.
576 1548 776 1609 crebro
802 1547 1192 1621 imitarentur3
1225 1547 1305 1608 sic
1334 1548 1394 1607 in
1426 1567 1595 1628 opera
1630 1566 1829 1607 eorum
1853 1548 2118 1626 quicum-

266 1687 273 1694 ·
343 1659 453 1738 que
474 1659 544 1719 de
566 1659 769 1720 virtute
785 1644 1181 1738 loquebantur,
1209 1645 1666 1720 testimoniorum
1688 1660 1864 1719 instar
1887 1661 2115 1720 adscitae

345 1781 499 1834 sunt.
538 1765 817 1834 Videntur
851 1773 1019 1833 etiam
1047 1782 1324 1853 excerptae
1345 1821 1359 1847 ,
1400 1792 1532 1833 cum
1565 1772 1807 1833 aliorum
1830 1782 2125 1852 poetarum

348 1885 641 1948 sententiis
663 1934 677 1961 ,
706 1884 1082 1946 informandis
1105 1885 1558 1947 adolescentibus
1575 1885 1815 1947 addictae
1837 1885 2007 1946 fuisse
2030 1886 2126 1966 qui

345 1997 442 2061 eas'
455 1999 731 2061 memoria
752 1999 922 2061 simul
949 2009 1003 2061 et
1028 2001 1219 2062 animo
1243 2000 1614 2082 conciperent
1629 2000 1668 2059 ¹·
1696 2000 1887 2080 ltaque
1911 2001 2129 2080 ThGOg·

347 2106 482 2188 niss}
502 2120 773 2192 tanquam
804 2113 1095 2194 sapientiae
1129 2113 1360 2174 antistes
1390 2114 1732 2174 saeculorum
1769 2111 2128 2173 veneratione

348 2224 742 2302 consecratus,
801 2234 1016 2288 tantam
1069 2247 1186 2309 prae
1229 2247 1288 2288 se
1329 2227 1542 2288 ferebat
1582 2225 2005 2300 auctoritatem,
2064 2233 2129 2285 ut

21 2334 31 2350 “
255 2332 286 2386 l'
311 2357 328 2369 ··
348 2322 501 2401 illius
523 2335 959 2420 Phocylidisque
988 2340 1293 2402 sententias
1321 2339 1581 2400 Julianus
1616 2338 1930 2418 Imperator
1965 2336 2126 2397 Salo-

349 2449 538 2514 m‘o'n‘is
565 2448 881 2534 proverbiis
921 2473 1210 2535 opponere
1237 2472 1408 2513 ausus
1441 2449 1565 2512 sit².

433 2565 582 2637 Quid
609 2575 798 2627 autem
827 2566 959 2628 inde
989 2566 1271 2640 evenerit,
1318 2564 1482 2626 facile
1510 2562 1841 2642 intelligitur
1874 2583 1885 2620 :
1912 2561 2134 2641 Theog-

352 2673 762 2742 nidfs‘umm'us
791 2680 885 2742 ille
915 2699 1027 2760 quo
1062 2679 1288 2741 habitus
1324 2687 1410 2740 est
1442 2678 1628 2738 honor
1665 2674 1828 2742 saluti
1859 2674 2027 2735 simul
2066 2694 2133 2734 ac

351 2785 560 2864 damno
591 2793 715 2855 fuit.
750 2794 898 2855 Nam
927 2813 1111 2873 neque
1147 2792 1336 2874 perire
1369 2790 1588 2872 potuit,
1622 2808 1800 2869 quum
1841 2789 1961 2869 ejus
2000 2808 2131 2849 sen-

354 2882 779 2988 teht'iie'ubique
796 2915 983 2968 essent
1006 2929 1020 2981 ;
1047 2925 1233 2985 neque
1248 2904 1468 2983 integer
1483 2901 1712 2976 servari,
1732 2919 1910 2980 quum
1934 2907 2136 2960 caetera

356 3007 800 3102 negligerentur.
871 3024 876 3027 ⁴

416 3236 442 3264 ⁷¹
460 3232 678 3283 Isocrat.
701 3231 765 3282 ad
780 3231 966 3281 Nicocl.
986 3229 1097 3280 init.
1118 3237 1167 3280 et
1185 3227 1328 3295 0412.
1349 3226 1572 3278 AEschin.
1593 3225 1647 3274 C.
1668 3223 1915 3287 Ctesiph.,
1942 3237 1991 3285 p.
2024 3221 2141 3270 525.

361 3320 526 3371 Reisk.
1378 3359 1383 3361 ,

428 3411 448 3437 ²
481 3407 573 3472 Ap.
611 3407 779 3472 Cyrill.
821 3421 867 3456 c.
899 3408 997 3457 Jul.
1026 3409 1060 3456 Ι.
1089 3406 1219 3464 Vlll,
1262 3420 1312 3468 p.
1347 3405 1463 3452 2⁹24.
1504 3402 1689 3465 Spanh.
1719 3400 1786 3449 De
1812 3399 1888 3448 his
1912 3396 2143 3447 omnibus

363 3495 462 3546 vid.
488 3494 737 3545 Welcker.
765 3492 962 3559 Proleg.
989 3493 1052 3543 ad
1076 3493 1301 3556 Theogn.
1318 3529 1330 3552 ‚
1359 3505 1411 3554 p.
1440 3502 1557 3539 Lxxi
1582 3502 1657 3550 sq.
