2800 4368
1014 349 1094 360 ...
1137 315 1206 375 81
1254 347 1335 360 ..

294 424 296 426 V
508 434 602 524 in,
648 475 826 536 quum
858 475 1080 534 magnae
1110 455 1398 536 injustitiae
1427 457 1749 536 spectaculo
1779 457 1921 517 sorte
1955 457 2064 517 ad-

281 644 340 678 ἢ
366 577 509 645 χ.·,’ῐ
538 568 769 649 quidam
795 568 978 648 pudor
1011 587 1076 628 ac
1110 567 1305 647 religio
1342 567 1546 628 eximia
1576 568 1768 648 cepit,
1807 569 1918 630 nisi
1943 569 2071 649 pie-

179 662 181 664 *
224 750 225 753 ,
264 662 400 759 te
433 682 527 744 ab
543 680 986 759 Atheniensibus
1008 683 1207 760 negata
1230 680 1585 741 Phocionem
1607 681 1900 743 mortuum
1923 684 2072 744 ultro

226 837 267 886 :3:-
251 793 749 883 prosequeretur
806 793 997 863 Quum
1053 793 1209 854 enim
1265 791 1573 853 Phocionis
1624 794 1808 855 necati
1865 813 2076 875 corpus

206 890 271 951 'J'
240 906 587 991 Gonoplon
622 907 886 986 quidam,
920 927 979 968 se
1024 907 1094 967 ad
1121 906 1252 966 talia
1297 924 1535 967 munera
1587 906 1776 967 locare
1837 907 2072 982 solitUS,

251 1022 443 1086 ultra
469 1021 796 1084 Eleusinem
825 1029 880 1081 et
912 1021 1056 1081 fines
1090 1019 1336 1093 Atticm,
1387 1027 1657 1099 tanquam
1684 1020 1978 1100 impurum
2023 1030 2080 1083 et

291 1153 530 1205 sacrum
560 1134 808 1208 tulisset,
842 1133 1037 1212 ignem
1086 1151 1199 1211 quo
1240 1132 1473 1193 bustum
1493 1131 1712 1192 humile
1734 1135 2077 1194 accendere-

122 1223 175 1337 »
246 1222 257 1227 l
294 1254 390 1309 tur
422 1247 496 1309 ab
528 1249 593 1308 ea
619 1246 859 1307 muliere
898 1254 1188 1307 mutuatus
1229 1255 1331 1307 est.
1385 1246 1523 1307 Haec
1550 1255 1741 1308 autem
1787 1255 1842 1307 et
1885 1246 2080 1325 ignem

188 1338 226 1361 ⁴
259 1361 272 1371 ”
291 1358 631 1447 ministravit
654 1407 669 1433 ,
720 1366 776 1418 et
809 1358 930 1438 ipsa
960 1378 1093 1419 cum
1150 1358 1399 1433 ancillis,
1438 1368 1537 1438 ut,
1577 1359 1861 1439 quantuni
1895 1359 1956 1418 in
2012 1360 2074 1419 ea

279 1455 466 1545 resset,
491 1471 645 1551 justa
669 1471 1049 1546 solverentur,
1082 1470 1317 1550 indigno
1357 1471 1439 1531 illi
1464 1471 1651 1532 funeri
1679 1471 1923 1548 adstitit,
1981 1481 2078 1532 tu-

289 1582 631 1661 mulumque
685 1575 912 1642 libando
949 1591 1004 1642 et
1038 1582 1156 1644 ‘alia
1208 1599 1366 1644 sacra
1409 1582 1666 1644 faciendo
1706 1582 2076 1663 exaggeravit.

285 1693 483 1765 ‘Quem
523 1713 654 1754 vero
709 1693 1195 1774 inanemreliquit
1226 1717 1238 1754 :
1289 1713 1415 1756 ossa
1449 1695 1604 1756 enim
1635 1693 1947 1756 Phocionis
1991 1696 2084 1774 pie

257 1885 260 1887 q
298 1802 564 1899 subrepta
602 1805 732 1879 sinu
764 1805 1048 1882 condidit,
1090 1806 1288 1867 furtim
1317 1815 1491 1868 noctu
1538 1807 1776 1868 domum
1811 1806 2075 1882 abstulit,

190 1924 197 1934 '
285 1915 470 2026 gd
489 1919 684 1980 focum
721 1938 893 1980 suum
931 1918 1167 1987 infodit,
1200 1920 1325 1982 haec
1358 1930 1629 2001 tanquam
1662 1922 1732 1982 de
1763 1922 2080 1983 exsulanti-

378 2030 666 2093 1dicens.
705 2053 734 2089 c<
766 2031 926 2107 Tibi,
962 2051 1090 2094 cara
1117 2033 1341 2106 Hasna,
1368 2034 1663 2095 committo
1680 2036 1782 2097 has
1808 2035 1913 2095 viri
1936 2035 2075 2096 boni

283 2134 668 2225 nrehquias
701 2153 764 2206 tu
779 2154 968 2206 autem
987 2165 1080 2208 eas
1102 2147 1299 2226 patriis
1323 2148 1599 2229 sepulcris
1620 2149 1791 2210 redde
1806 2149 2074 2228 ,quando

298 2279 329 2343 ¹?
361 2256 734 2343 Athenienses
765 2258 1167 2339 resipiscent
1127 2259 1141 2287 ¹

364 2489 379 2517 ¹
417 2451 665 2538 Plutarch.
705 2486 853 2539 Phoc.
882 2488 959 2538 57.
