2800 4368
1092 268 1432 329 ,--69--

379 412 453 474 Et
476 412 620 473 alius
642 410 832 484 vicuS‚
870 409 1197 488 Phalycon‚
1242 409 1311 470 ad
1347 410 1490 470 ficus
1544 408 1853 487 gignendas
1885 408 2012 468 felix
2041 417 2157 470 tra-

375 525 616 586 debatur
647 523 686 582 ¹.
735 523 1001 594 Quamvis
1048 541 1163 581 non
1211 541 1451 583 uvarum
1485 522 1637 581 ferax
1679 521 1918 600 Megaris
1972 530 2156 593 esset,

379 635 440 694 in
470 635 773 714 quamdam
823 635 1084 695 notitiam
1122 643 1351 695 venerat
1397 634 1589 692 vinum
1626 632 2072 718 AEyosthenense
2099 632 2120 661 ²
2143 654 2163 692 .·

380 747 746 825 AEgosthenae
779 746 989 807 Bacchi
1013 747 1230 807 cultum
1257 766 1288 806 a
1320 745 1673 825 Melampode
1698 745 2020 806 institutum
2050 764 2158 805 no-

379 861 567 922 vimus
611 863 652 919 ⁵.
717 861 964 921 Nisaeam
1022 860 1166 921 rosis
1210 859 1328 919 suis
1378 860 1588 920 claram
1625 860 1644 885 ⁴
1688 879 1759 919 ne
1796 859 2159 931 omittamus;

383 995 522 1036 neve
557 975 833 1036 Oniorum
875 976 1147 1055 jugorum
1192 984 1246 1034 et
1282 973 1603 1034 Citheronis
1650 973 1822 1034 clivos
1864 973 2164 1033 arboribus

381 1089 608 1149 vestitos
644 1090 712 1149 ad
756 1089 973 1168 navigia
1018 1089 1284 1149 struenda
1331 1087 1569 1148 idoneis.
1608 1086 1902 1166 Megaricae
1937 1085 2165 1145 cicutae⁵

381 1200 463 1262 vis
496 1221 699 1280 magna
730 1201 915 1262 inesse
955 1201 1299 1260 tradebatur.
1349 1200 1843 1269 Quemadmodum
1879 1197 2164 1258 montium

381 1313 599 1374 radices
646 1313 980 1373 venantibus
1028 1313 1206 1387 feraS‚
1260 1333 1324 1373 ae
1372 1313 1688 1392 praesertim
1721 1313 1938 1392 lepores
1967 1309 2022 1381 ⁶,
2085 1309 2166 1370 sic

307 1511 310 1514 Α
381 1425 733 1505 piscantibus
755 1445 912 1486 mare
947 1426 1124 1485 multa
1155 1425 1398 1505 piscium
1431 1445 1638 1504 genera
1660 1424 1950 1504 praebebat
1977 1444 1989 1480 ε
2019 1422 2167 1481 inter

379 1557 536 1617 quae,
600 1538 802 1617 aphias
829 1539 844 1563 ⁷
901 1547 956 1598 et
988 1538 1255 1616 ylaucos⁸
1286 1586 1300 1610 ‚
1340 1537 1463 1597 illas
1522 1554 1794 1613 numero»,
1841 1536 1946 1595 hos
1997 1541 2166 1612 gustu

385 1651 626 1712 nobiles.
677 1652 896 1721 Quibus
924 1702 938 1726 ,
983 1654 1064 1713 vel
1105 1653 1309 1713 fabulae
1367 1650 1574 1730 gratia,
1614 1650 1995 1729 adjungantur
2037 1666 2163 1707 ma-

383 1764 524 1826 rinae
554 1764 864 1826 testudines
906 1784 1031 1843 quae
1057 1765 1127 1825 ad
1151 1784 1277 1825 saxa
1308 1763 1567 1823 Scironia
1597 1762 1838 1822 viatores
1861 1781 1892 1821 a
1927 1760 2164 1820 Scirone

381 1877 442 1936 in
467 1854 621 1957 mare
655 1876 911 1936 detrusos
945 1876 1297 1936 devoraturae
1341 1875 1761 1955 exspectabant.

371 2039 378 2043 A
459 1988 714 2067 Denique
741 1989 866 2050 haec
894 1989 997 2049 tria
1017 2038 1031 2064 ‚
1074 1999 1137 2050 ut
1158 2009 1284 2068 quae
1328 1987 1744 2067 Megarensium
1767 1987 2020 2054 fortunas
2042 1986 2162 2045 ale-

377 2114 539 2180 rent,
580 2105 865 2186 imprimis
901 2106 1266 2166 memoranda
1296 2116 1467 2166 sunt:
1501 2105 1701 2166 Nisaeae
1742 2103 1973 2174 salinae,
2013 2103 2166 2162 unde

376 2217 459 2278 sal
497 2197 716 2279 acer'et
764 2207 951 2279 siccus
996 2219 1206 2293 exibat,
1262 2217 1548 2279 servandis
1609 2216 1874 2277 carnibus
1928 2216 2162 2295 aptus⁹;

376 2332 600 2410 aryilla
623 2333 880 2412 quaedam
902 2378 916 2407 ‚
952 2332 1227 2392 nimirum
1258 2351 1289 2391 e
1318 2331 1550 2412 planitie
1585 2330 1832 2390 Cimolia
1847 2329 1996 2390 dicta
2011 2329 2163 2408 prae-

378 2445 547 2526 cipue
575 2445 740 2505 ducta
764 2493 778 2519 ,
813 2464 879 2504 ex
914 2447 1023 2524 qua
1053 2454 1185 2505 nota
1218 2444 1457 2522 Megara}
1495 2461 1622 2502 vasa
1661 2442 2050 2520 fingebantur,
2098 2459 2163 2500 ac

447 2758 463 2787 ¹
497 2756 828 2819 Theophrast.
871 2755 993 2804 Hist.
1016 2755 1174 2804 Plant.
1199 2754 1241 2802 ΙΙ
1261 2791 1274 2813 ,
1303 2755 1335 2803 8
1354 2792 1367 2813 ,
1397 2757 1443 2803 1.

375 2909 382 2912 .
445 2848 466 2874 ¹
500 2845 724 2895 Athenae.

449 2936 469 2963 ³
501 2931 573 2982 Cf.
601 2948 652 2996 p.
690 2934 787 2981 51.-

447 3025 468 3053 ⁴
501 3019 711 3070 Nicand.
743 3021 875 3086 apud
904 3020 1129 3070 Athenae.
1157 3020 1258 3078 XV,
1285 3034 1335 3083 p.
1364 3019 1462 3068 685
1486 3017 1597 3067 Cas.

448 3113 467 3140 ³
501 3110 626 3158 Plin.
654 3109 777 3160 Hist.
802 3111 912 3160 Nat.
940 3111 1081 3168 XXV,
1109 3110 1191 3158 95.

447 3201 467 3227 ὃ
503 3198 754 3261 Aristoph.
780 3199 993 3247 Acharn.
1023 3212 1069 3247 v.
1098 3198 1213 3246 5⁶20,

450 3290 466 3314 ⁷
503 3285 752 3334 Plutarch.
780 3285 848 3335 De
872 3284 1085 3335 Profect.
1115 3285 1284 3334 virtut.
1313 3292 1439 3333 sent.
1463 3284 1566 3332 Vol.
1591 3283 1650 3343 6,
1680 3296 1730 3345 p.
1758 3282 1856 3330 510
1879 3280 2024 3330 Reisk

350 3421 356 3428 .
448 3378 468 3404 ⁸
502 3374 726 3424 Athenae.
756 3375 796 3423 l.
828 3374 906 3423 Vll
928 3411 941 3434 ,
971 3389 1020 3437 p.
1042 3374 1140 3422 295
1163 3372 1271 3422 Cas.

442 3465 461 3491 ⁹
498 3462 620 3511 Plin.
651 3461 707 3511 H.
732 3461 788 3510 N.
823 3461 996 3521 XXXI,
1024 3462 1106 3510 41.
1129 3460 1386 3524 Aristoph.
1410 3459 1622 3508 Acharu.
1647 3473 1690 3508 v.
1720 3458 1834 3507 520.
1858 3457 1973 3506 760.
1994 3454 2159 3504 Schol.

1894 3583 1929 3621 a
