2800 4368
1080 359 1435 418 -101—

362 498 470 579 giis
499 500 818 560 Germaniae
856 500 1161 579 Galliaeque
1191 501 1326 562 viris
1362 502 1613 580 neglecta
1644 501 1745 560 fuit
1777 523 1787 559 :
1825 503 2140 580 praesertim

362 613 512 692 apud
548 631 652 672 nos
697 612 966 692 singulari
1011 613 1195 673 studio
1242 613 1527 673 recentius
1575 613 1828 692 inspecta
1874 615 2140 694 explana-

361 716 585 804 taque¹.
627 724 762 784 Mihi
811 744 989 804 pauca
1041 725 1348 784 admodum
1397 723 1591 802 utique
1634 725 1702 783 de
1767 725 1859 784 illa
1906 726 2144 786 dicenda

361 848 540 914 erant,
571 858 755 918 neque
792 858 914 898 rem
948 838 1272 898 universam
1301 846 1542 897 tractare
1583 838 1933 917 suscipienti,
1961 859 2146 919 neque

361 951 493 1011 satis
523 951 842 1011 studiorum
872 947 1399 1030 philosophicorum
1438 948 1618 1026 perito
1650 970 1660 1004 ε
1695 949 1798 1007 viri
1830 950 2141 1011 doctissimi

359 1062 688 1122 auctoritate
722 1062 887 1122 inniti
916 1062 1127 1122 licebit.

440 1173 570 1233 Non
603 1173 817 1253 primas
855 1173 1115 1234 obtinere
1158 1173 1330 1234 valuit
1362 1173 1640 1252 Megarica
1671 1174 2145 1254 philosophorum

358 1287 685 1367 disciplinam
720 1288 815 1366 qui
857 1288 1029 1348 etiam
1067 1289 1182 1349 fere
1221 1288 1292 1349 ab
1328 1288 1547 1367 origine
1582 1287 1742 1349 triste
1779 1288 1917 1348 illud
1949 1290 2143 1348 eristi-

357 1418 550 1458 eorum
598 1398 920 1480 (ἐριστικῶν)
989 1419 1199 1461 nomen
1264 1410 1639 1481 acceperunt,
1717 1400 1970 1480 plerique
2029 1420 2144 1460 non

355 1510 588 1591 indigna
614 1513 794 1592 passi..
823 1514 1036 1574 Verum
1072 1514 1212 1574 illud·
1244 1531 1468 1591 quoque
1504 1513 1626 1591 jam
1660 1533 1814 1573 nunc
1844 1513 1924 1575 eis
1954 1512 2145 1592 impu-

355 1634 561 1700 temUS,
589 1627 742 1705 quod
770 1646 970 1688 eorum
1006 1626 1467 1707 praestantissimi.
1495 1626 1929 1705 clarissimique,
1955 1627 2145 1688 Eucli-

354 1737 485 1812 deS,
541 1737 760 1798 Scholae
816 1758 1050 1818 parens,
1102 1747 1158 1798 et
1199 1738 1415 1818 Stilpo,
1477 1739 1819 1817 Megarensis
1872 1748 2138 1818 uterque,

353 1851 591 1911 honesto
633 1850 825 1911 animo
868 1861 1034 1931 atque
1084 1852 1313 1932 optimis
1355 1852 1570 1912 artibus
1613 1852 1999 1913 eminuerunt.
2042 1853 2142 1913 Ille

354 1962 644 2023 Socratem
677 1966 902 2023 summa
926 1964 1131 2043 pietate
1155 1974 1210 2025 et
1235 1964 1421 2026 studio
1441 1965 1526 2024 vel
1552 1965 1821 2045 periculis
1849 1966 2142 2046 superiore

351 2076 540 2138 vivum
599 2087 934 2157 prosecutus
955 2127 968 2152 ,
1025 2098 1208 2158 neque
1262 2079 1603 2140 morientem
1659 2080 1944 2154 deseruit3
2008 2101 2139 2142 mox

353 2191 684 2265 Platonem,
732 2191 984 2251 exsulare
1035 2200 1331 2265 coactum,
1383 2190 1561 2253 nobili
1612 2191 1857 2270 hospitio
1899 2192 2138 2271 Megarae

353 2302 684 2383 excipiebat.
721 2303 899 2384 Stilpo
916 2352 929 2378 ,
958 2298 1069 2364 vita
1092 2306 1235 2384 pura
1259 2314 1314 2364 et
1339 2303 1586 2365 castitate
1618 2323 1847 2364 morum
1873 2303 2132 2382 insignis,

352 2418 562 2498 pariter
583 2418 779 2499 populi
802 2418 1054 2478 studium
1078 2427 1132 2479 et
1152 2437 1353 2497 regum
1376 2419 1623 2479 favorem
1654 2418 1890 2498 impune
1911 2437 2131 2498 passm,

351 2540 614 2592 mortuus
643 2540 727 2592 est
748 2551 987 2615 pauper,
1011 2531 1398 2591 nobilissimos
1425 2539 1614 2591 tamen
1640 2530 1902 2591 haeredes
1918 2529 2135 2590 Stoicos

352 2643 582 2704 sortitus
597 2693 618 2719 ‚x
646 2643 743 2723 qui
782 2664 848 2703 ex
883 2644 1004 2723 ejus
1045 2644 1303 2704 doctrina
1345 2644 1547 2704 morali
1580 2652 1662 2704 tot
1698 2643 1968 2705 sublimia*
2010 2642 2135 2703 vitae

351 2767 634 2838 praecepta
662 2758 1086 2837 deprompsere.

431 2869 518 2929 Ne
546 2869 718 2948 igitur
752 2868 1017 2948 Megarici
1047 2868 1190 2928 nihil
1225 2870 1377 2930 aliud
1408 2889 1576 2948 quam
1618 2869 1886 2949 sophistae
1915 2868 2136 2928 virtutis

352 2981 624 3044 incuriosi
672 2982 838 3044 fuisse
882 2984 1162 3044 dicantur.
1202 2984 1260 3043 Si
1298 2984 1422 3063 quis
1463 2993 1652 3045 autem
1690 2984 1824 3062 quid
1860 2983 2137 3043 valuerint

352 3113 551 3155 eorum
589 3094 885 3174 opiniones
910 3096 1054 3157 scire
1089 3096 1246 3170 velit,
1274 3097 1564 3172 EuclideS,
1600 3100 1805 3176 magna
1833 3094 2046 3175 ingenii
2082 3095 2134 3152 vi

351 3209 643 3290 praeditUS,
677 3210 824 3271 inter
861 3231 956 3273 eos
983 3212 1077 3291 qui
1113 3213 1352 3272 Decem²
1383 3213 1629 3274 Socratis
1652 3210 1914 3292 discipuli
1942 3209 2134 3269 nomi-

419 3463 432 3488 ¹
473 3460 659 3510 Henne.
688 3448 839 3510 Ecole
863 3461 926 3510 de
950 3460 1171 3526 Megare.
1203 3463 1353 3511 1845.

420 3551 438 3576 ²
475 3547 616 3614 Diog.
646 3549 806 3599 Laert.
836 3549 886 3598 in
911 3549 1132 3599 AEschin.
