<?xml version="1.0" encoding="UTF-8"?>
<!DOCTYPE html PUBLIC "-//W3C//DTD XHTML 1.0 Transitional//EN"
    "http://www.w3.org/TR/xhtml1/DTD/xhtml1-transitional.dtd">
<html xmlns="http://www.w3.org/1999/xhtml" xml:lang="en" lang="en">
 <head>
  <title>
</title>
<meta http-equiv="Content-Type" content="text/html;charset=utf-8" />
  <meta name='ocr-system' content='tesseract 3.04.00' />
  <meta name='ocr-capabilities' content='ocr_page ocr_carea ocr_par ocr_line ocrx_word'/>
</head>
<body>
  <div class='ocr_page' id='page_1' title='image "./demegarensiuming00gira_0100.png"; bbox 0 0 2800 4368; ppageno 0'>
   <div class='ocr_carea' id='block_1_1' title="bbox 765 203 804 243">
    <p class='ocr_par' dir='ltr' id='par_1_1' title="bbox 765 203 804 243">
     <span class='ocr_line' id='line_1_1' title="bbox 765 203 804 243; baseline 0 0"><span class='ocrx_word' id='word_1_1' title='bbox 765 203 804 243; x_wconf 61' lang='grc' dir='ltr'>ἱ</span> 
     </span>
    </p>
   </div>
   <div class='ocr_carea' id='block_1_2' title="bbox 1448 229 1769 292">
    <p class='ocr_par' dir='ltr' id='par_1_2' title="bbox 1448 229 1769 292">
     <span class='ocr_line' id='line_1_2' title="bbox 1448 229 1769 292; baseline 0.006 -16"><span class='ocrx_word' id='word_1_2' title='bbox 1448 229 1769 292; x_wconf 43' lang='lat' dir='ltr'>*gg-</span> 
     </span>
    </p>
   </div>
   <div class='ocr_carea' id='block_1_3' title="bbox 719 374 2565 795">
    <p class='ocr_par' dir='ltr' id='par_1_3' title="bbox 719 374 2565 795">
     <span class='ocr_line' id='line_1_3' title="bbox 719 374 2565 454; baseline 0.002 -17"><span class='ocrx_word' id='word_1_3' title='bbox 719 384 939 437; x_wconf 87' lang='lat' dir='ltr'>tantum</span> <span class='ocrx_word' id='word_1_4' title='bbox 982 376 1247 436; x_wconf 89' lang='lat' dir='ltr'>validiora</span> <span class='ocrx_word' id='word_1_5' title='bbox 1287 374 1664 454; x_wconf 82' lang='lat' dir='ltr'>solidioraque</span> <span class='ocrx_word' id='word_1_6' title='bbox 1709 377 1968 451; x_wconf 86' lang='lat' dir='ltr'>efficere,</span> <span class='ocrx_word' id='word_1_7' title='bbox 2004 379 2100 438; x_wconf 89' lang='lat' dir='ltr'>sed</span> <span class='ocrx_word' id='word_1_8' title='bbox 2131 379 2301 440; x_wconf 89' lang='lat' dir='ltr'>etiam</span> <span class='ocrx_word' id='word_1_9' title='bbox 2353 379 2511 442; x_wconf 63' lang='lat' dir='ltr'>nulla</span> <span class='ocrx_word' id='word_1_10' title='bbox 2563 379 2565 381; x_wconf 74' lang='grc'><strong>’</strong></span> 
     </span>
     <span class='ocr_line' id='line_1_4' title="bbox 721 488 2507 569; baseline 0.002 -21"><span class='ocrx_word' id='word_1_11' title='bbox 721 489 910 569; x_wconf 74' lang='lat' dir='ltr'>inopia</span> <span class='ocrx_word' id='word_1_12' title='bbox 970 489 1261 562; x_wconf 84' lang='lat' dir='ltr'>laborare,</span> <span class='ocrx_word' id='word_1_13' title='bbox 1334 488 1490 548; x_wconf 92' lang='lat' dir='ltr'>nullo</span> <span class='ocrx_word' id='word_1_14' title='bbox 1563 498 1769 549; x_wconf 90' lang='lat' dir='ltr'>conatu</span> <span class='ocrx_word' id='word_1_15' title='bbox 1833 489 2080 564; x_wconf 90' lang='lat' dir='ltr'>intendi,</span> <span class='ocrx_word' id='word_1_16' title='bbox 2137 491 2198 550; x_wconf 91' lang='lat' dir='ltr'>in</span> <span class='ocrx_word' id='word_1_17' title='bbox 2258 492 2507 553; x_wconf 87' lang='lat' dir='ltr'>liberum</span> 
     </span>
     <span class='ocr_line' id='line_1_5' title="bbox 721 592 2512 686; baseline 0.002 -23"><span class='ocrx_word' id='word_1_18' title='bbox 721 612 909 663; x_wconf 85' lang='lat' dir='ltr'>autem</span> <span class='ocrx_word' id='word_1_19' title='bbox 945 601 1280 680; x_wconf 80' lang='lat' dir='ltr'><strong>facilemque</strong></span> <span class='ocrx_word' id='word_1_20' title='bbox 1309 592 1544 662; x_wconf 84' lang='lat' dir='ltr'>cursum</span> <span class='ocrx_word' id='word_1_21' title='bbox 1581 621 1640 662; x_wconf 91' lang='lat' dir='ltr'>se</span> <span class='ocrx_word' id='word_1_22' title='bbox 1676 603 1991 681; x_wconf 81' lang='lat' dir='ltr'>expandere</span> <span class='ocrx_word' id='word_1_23' title='bbox 2020 612 2187 683; x_wconf 91' lang='lat' dir='ltr'>atque</span> <span class='ocrx_word' id='word_1_24' title='bbox 2212 606 2512 686; x_wconf 88' lang='lat' dir='ltr'>exspatiari</span> 
     </span>
     <span class='ocr_line' id='line_1_6' title="bbox 722 715 2518 795; baseline 0.003 -21"><span class='ocrx_word' id='word_1_25' title='bbox 722 716 965 776; x_wconf 84' lang='lat' dir='ltr'>licuerit.</span> <span class='ocrx_word' id='word_1_26' title='bbox 999 716 1138 786; x_wconf 85' lang='lat' dir='ltr'>Quae</span> <span class='ocrx_word' id='word_1_27' title='bbox 1175 715 1407 794; x_wconf 91' lang='lat' dir='ltr'>quidem</span> <span class='ocrx_word' id='word_1_28' title='bbox 1443 723 1498 775; x_wconf 92' lang='lat' dir='ltr'>et</span> <span class='ocrx_word' id='word_1_29' title='bbox 1532 715 1591 774; x_wconf 91' lang='lat' dir='ltr'>in</span> <span class='ocrx_word' id='word_1_30' title='bbox 1619 715 1969 794; x_wconf 81' lang='lat' dir='ltr'>Theognide,</span> <span class='ocrx_word' id='word_1_31' title='bbox 2011 716 2518 795; x_wconf 36' lang='lat' dir='ltr'>quamvierraecae</span> 
     </span>
    </p>
   </div>
   <div class='ocr_carea' id='block_1_4' title="bbox 724 826 2511 1026">
    <p class='ocr_par' dir='ltr' id='par_1_4' title="bbox 724 826 2511 1026">
     <span class='ocr_line' id='line_1_7' title="bbox 724 826 2511 918; baseline 0.002 -27"><span class='ocrx_word' id='word_1_32' title='bbox 724 831 860 892; x_wconf 90' lang='lat' dir='ltr'>artis</span> <span class='ocrx_word' id='word_1_33' title='bbox 894 832 1246 912; x_wconf 90' lang='lat' dir='ltr'>amplissima</span> <span class='ocrx_word' id='word_1_34' title='bbox 1282 853 1465 914; x_wconf 91' lang='lat' dir='ltr'>neque</span> <span class='ocrx_word' id='word_1_35' title='bbox 1517 842 1758 894; x_wconf 81' lang='lat' dir='ltr'>sectatus</span> <span class='ocrx_word' id='word_1_36' title='bbox 1807 833 1878 894; x_wconf 92' lang='lat' dir='ltr'>sit</span> <span class='ocrx_word' id='word_1_37' title='bbox 1919 854 2104 918; x_wconf 85' lang='lat' dir='ltr'>neque</span> <span class='ocrx_word' id='word_1_38' title='bbox 2142 826 2511 910; x_wconf 66' lang='lat' dir='ltr'>con‘secutuS,</span> 
     </span>
     <span class='ocr_line' id='line_1_8' title="bbox 725 944 1509 1026; baseline 0.003 -23"><span class='ocrx_word' id='word_1_39' title='bbox 725 944 1150 1025; x_wconf 84' lang='lat' dir='ltr'>deprehendere</span> <span class='ocrx_word' id='word_1_40' title='bbox 1181 964 1509 1026; x_wconf 70' lang='lat' dir='ltr'>possumus</span> 
     </span>
    </p>
   </div>
   <div class='ocr_carea' id='block_1_5' title="bbox 655 1058 2630 3308">
    <p class='ocr_par' dir='ltr' id='par_1_5' title="bbox 729 1058 2523 1252">
     <span class='ocr_line' id='line_1_9' title="bbox 807 1058 2523 1140; baseline 0.002 -22"><span class='ocrx_word' id='word_1_41' title='bbox 807 1058 1018 1120; x_wconf 85' lang='lat' dir='ltr'>Mirum</span> <span class='ocrx_word' id='word_1_42' title='bbox 1047 1068 1132 1121; x_wconf 90' lang='lat' dir='ltr'>est</span> <span class='ocrx_word' id='word_1_43' title='bbox 1163 1059 1318 1120; x_wconf 91' lang='lat' dir='ltr'>enim</span> <span class='ocrx_word' id='word_1_44' title='bbox 1347 1079 1520 1139; x_wconf 91' lang='lat' dir='ltr'>quam</span> <span class='ocrx_word' id='word_1_45' title='bbox 1561 1060 1772 1134; x_wconf 90' lang='lat' dir='ltr'>multa,</span> <span class='ocrx_word' id='word_1_46' title='bbox 1813 1059 2034 1120; x_wconf 86' lang='lat' dir='ltr'>eximiae</span> <span class='ocrx_word' id='word_1_47' title='bbox 2074 1078 2139 1120; x_wconf 88' lang='lat' dir='ltr'>ac</span> <span class='ocrx_word' id='word_1_48' title='bbox 2184 1059 2523 1140; x_wconf 86' lang='lat' dir='ltr'>multiplicis</span> 
     </span>
     <span class='ocr_line' id='line_1_10' title="bbox 729 1172 2522 1252; baseline 0.001 -20"><span class='ocrx_word' id='word_1_49' title='bbox 729 1173 1064 1252; x_wconf 73' lang='lat' dir='ltr'>eloquentiae</span> <span class='ocrx_word' id='word_1_50' title='bbox 1086 1172 1200 1232; x_wconf 92' lang='lat' dir='ltr'>vim</span> <span class='ocrx_word' id='word_1_51' title='bbox 1222 1173 1509 1248; x_wconf 81' lang='lat' dir='ltr'>habentia,</span> <span class='ocrx_word' id='word_1_52' title='bbox 1537 1192 1603 1234; x_wconf 91' lang='lat' dir='ltr'>ex</span> <span class='ocrx_word' id='word_1_53' title='bbox 1625 1173 1776 1234; x_wconf 92' lang='lat' dir='ltr'>illius</span> <span class='ocrx_word' id='word_1_54' title='bbox 1798 1173 2041 1251; x_wconf 62' lang='lat' dir='ltr'>emissaria,</span> <span class='ocrx_word' id='word_1_55' title='bbox 2063 1181 2126 1233; x_wconf 92' lang='lat' dir='ltr'>ut</span> <span class='ocrx_word' id='word_1_56' title='bbox 2143 1172 2522 1234; x_wconf 88' lang='lat' dir='ltr'>Horatianum</span> 
     </span>
    </p>

    <p class='ocr_par' dir='ltr' id='par_1_6' title="bbox 655 1287 2630 2734">
     <span class='ocr_line' id='line_1_11' title="bbox 728 1287 2521 1366; baseline 0.003 -22"><span class='ocrx_word' id='word_1_57' title='bbox 728 1287 966 1347; x_wconf 87' lang='lat' dir='ltr'>verbum</span> <span class='ocrx_word' id='word_1_58' title='bbox 1000 1305 1299 1366; x_wconf 85' lang='lat' dir='ltr'>usurpem,</span> <span class='ocrx_word' id='word_1_59' title='bbox 1343 1287 1516 1366; x_wconf 83' lang='lat' dir='ltr'>elegis</span> <span class='ocrx_word' id='word_1_60' title='bbox 1545 1296 1735 1348; x_wconf 87' lang='lat' dir='ltr'>exorta</span> <span class='ocrx_word' id='word_1_61' title='bbox 1765 1288 1897 1349; x_wconf 88' lang='lat' dir='ltr'>sint.</span> <span class='ocrx_word' id='word_1_62' title='bbox 1930 1287 2192 1348; x_wconf 82' lang='lat' dir='ltr'>Profecto</span> <span class='ocrx_word' id='word_1_63' title='bbox 2225 1295 2289 1347; x_wconf 90' lang='lat' dir='ltr'>ut</span> <span class='ocrx_word' id='word_1_64' title='bbox 2317 1307 2521 1349; x_wconf 85' lang='lat' dir='ltr'>sensus</span> 
     </span>
     <span class='ocr_line' id='line_1_12' title="bbox 655 1390 2520 1481; baseline 0.001 -21"><span class='ocrx_word' id='word_1_65' title='bbox 655 1390 658 1392; x_wconf 35' lang='lat'>⁸</span> <span class='ocrx_word' id='word_1_66' title='bbox 733 1418 854 1460; x_wconf 89' lang='lat' dir='ltr'>sese</span> <span class='ocrx_word' id='word_1_67' title='bbox 896 1399 956 1458; x_wconf 91' lang='lat' dir='ltr'>in</span> <span class='ocrx_word' id='word_1_68' title='bbox 992 1400 1230 1460; x_wconf 87' lang='lat' dir='ltr'>effusam</span> <span class='ocrx_word' id='word_1_69' title='bbox 1272 1401 1679 1461; x_wconf 88' lang='lat' dir='ltr'>abundantiam</span> <span class='ocrx_word' id='word_1_70' title='bbox 1718 1402 1998 1481; x_wconf 81' lang='lat' dir='ltr'>longeque</span> <span class='ocrx_word' id='word_1_71' title='bbox 2035 1402 2318 1463; x_wconf 88' lang='lat' dir='ltr'>revolutos</span> <span class='ocrx_word' id='word_1_72' title='bbox 2359 1401 2520 1462; x_wconf 91' lang='lat' dir='ltr'>sinus</span> 
     </span>
     <span class='ocr_line' id='line_1_13' title="bbox 733 1512 2613 1594; baseline 0.002 -24"><span class='ocrx_word' id='word_1_73' title='bbox 733 1512 1033 1592; x_wconf 86' lang='lat' dir='ltr'>explicent,</span> <span class='ocrx_word' id='word_1_74' title='bbox 1067 1531 1184 1573; x_wconf 89' lang='lat' dir='ltr'>non</span> <span class='ocrx_word' id='word_1_75' title='bbox 1215 1522 1299 1574; x_wconf 92' lang='lat' dir='ltr'>est</span> <span class='ocrx_word' id='word_1_76' title='bbox 1333 1513 1741 1592; x_wconf 90' lang='lat' dir='ltr'>requirendum</span> <span class='ocrx_word' id='word_1_77' title='bbox 1767 1536 1782 1588; x_wconf 87' lang='lat'>;</span> <span class='ocrx_word' id='word_1_78' title='bbox 1807 1513 2019 1594; x_wconf 89' lang='lat' dir='ltr'>quippe</span> <span class='ocrx_word' id='word_1_79' title='bbox 2047 1514 2198 1592; x_wconf 91' lang='lat' dir='ltr'>quod</span> <span class='ocrx_word' id='word_1_80' title='bbox 2220 1514 2308 1573; x_wconf 90' lang='lat' dir='ltr'>lex</span> <span class='ocrx_word' id='word_1_81' title='bbox 2332 1513 2524 1594; x_wconf 83' lang='lat' dir='ltr'>operis</span> <span class='ocrx_word' id='word_1_82' title='bbox 2610 1542 2613 1546; x_wconf 33' lang='lat' dir='ltr'><em>ff</em></span> 
     </span>
     <span class='ocr_line' id='line_1_14' title="bbox 736 1627 2530 1708; baseline -0.001 -20"><span class='ocrx_word' id='word_1_83' title='bbox 736 1647 852 1688; x_wconf 91' lang='lat' dir='ltr'>non</span> <span class='ocrx_word' id='word_1_84' title='bbox 883 1628 1147 1708; x_wconf 89' lang='lat' dir='ltr'>patiatur.</span> <span class='ocrx_word' id='word_1_85' title='bbox 1186 1628 1296 1688; x_wconf 88' lang='lat' dir='ltr'>Sed</span> <span class='ocrx_word' id='word_1_86' title='bbox 1339 1628 1461 1688; x_wconf 91' lang='lat' dir='ltr'>sine</span> <span class='ocrx_word' id='word_1_87' title='bbox 1495 1628 1609 1689; x_wconf 77' lang='lat' dir='ltr'>ulla</span> <span class='ocrx_word' id='word_1_88' title='bbox 1646 1627 1872 1688; x_wconf 91' lang='lat' dir='ltr'>dicendi</span> <span class='ocrx_word' id='word_1_89' title='bbox 1919 1628 2208 1703; x_wconf 89' lang='lat' dir='ltr'>ariditate,</span> <span class='ocrx_word' id='word_1_90' title='bbox 2252 1629 2375 1690; x_wconf 91' lang='lat' dir='ltr'>sine</span> <span class='ocrx_word' id='word_1_91' title='bbox 2409 1628 2530 1689; x_wconf 90' lang='lat' dir='ltr'>ullo</span> 
     </span>
     <span class='ocr_line' id='line_1_15' title="bbox 736 1741 2630 1823; baseline -0.001 -21"><span class='ocrx_word' id='word_1_92' title='bbox 736 1743 866 1803; x_wconf 89' lang='lat' dir='ltr'>nisu</span> <span class='ocrx_word' id='word_1_93' title='bbox 901 1742 1136 1803; x_wconf 85' lang='lat' dir='ltr'>affectus</span> <span class='ocrx_word' id='word_1_94' title='bbox 1159 1742 1526 1803; x_wconf 89' lang='lat' dir='ltr'>dissimillimi</span> <span class='ocrx_word' id='word_1_95' title='bbox 1561 1742 1741 1803; x_wconf 83' lang='lat' dir='ltr'>vivide</span> <span class='ocrx_word' id='word_1_96' title='bbox 1759 1742 2070 1804; x_wconf 91' lang='lat' dir='ltr'>admodum</span> <span class='ocrx_word' id='word_1_97' title='bbox 2099 1751 2232 1804; x_wconf 90' lang='lat' dir='ltr'>sunt</span> <span class='ocrx_word' id='word_1_98' title='bbox 2254 1741 2526 1823; x_wconf 91' lang='lat' dir='ltr'>expressi.</span> <span class='ocrx_word' id='word_1_99' title='bbox 2620 1791 2630 1795; x_wconf 73' lang='grc'>-</span> 
     </span>
     <span class='ocr_line' id='line_1_16' title="bbox 740 1858 2528 1939; baseline -0.001 -21"><span class='ocrx_word' id='word_1_100' title='bbox 740 1858 908 1918; x_wconf 90' lang='lat' dir='ltr'>Unde</span> <span class='ocrx_word' id='word_1_101' title='bbox 943 1858 1007 1917; x_wconf 89' lang='lat' dir='ltr'>fit</span> <span class='ocrx_word' id='word_1_102' title='bbox 1047 1867 1143 1932; x_wconf 85' lang='lat' dir='ltr'>ut,</span> <span class='ocrx_word' id='word_1_103' title='bbox 1174 1858 1306 1918; x_wconf 88' lang='lat' dir='ltr'>licet</span> <span class='ocrx_word' id='word_1_104' title='bbox 1338 1860 1515 1919; x_wconf 88' lang='lat' dir='ltr'>soluta</span> <span class='ocrx_word' id='word_1_105' title='bbox 1555 1859 1627 1920; x_wconf 93' lang='lat' dir='ltr'>sit</span> <span class='ocrx_word' id='word_1_106' title='bbox 1661 1859 1938 1939; x_wconf 90' lang='lat' dir='ltr'>temporis</span> <span class='ocrx_word' id='word_1_107' title='bbox 1968 1858 2265 1938; x_wconf 88' lang='lat' dir='ltr'>iniquitate</span> <span class='ocrx_word' id='word_1_108' title='bbox 2295 1867 2528 1919; x_wconf 89' lang='lat' dir='ltr'>senten-</span> 
     </span>
     <span class='ocr_line' id='line_1_17' title="bbox 738 1971 2533 2053; baseline 0.001 -22"><span class='ocrx_word' id='word_1_109' title='bbox 738 1972 950 2032; x_wconf 88' lang='lat' dir='ltr'>tiarum</span> <span class='ocrx_word' id='word_1_110' title='bbox 987 1972 1161 2032; x_wconf 89' lang='lat' dir='ltr'>series</span> <span class='ocrx_word' id='word_1_111' title='bbox 1183 2021 1196 2046; x_wconf 90' lang='lat'>,</span> <span class='ocrx_word' id='word_1_112' title='bbox 1252 1981 1445 2033; x_wconf 91' lang='lat' dir='ltr'>tamen</span> <span class='ocrx_word' id='word_1_113' title='bbox 1484 1973 1543 2031; x_wconf 86' lang='lat' dir='ltr'>in</span> <span class='ocrx_word' id='word_1_114' title='bbox 1590 1993 1782 2053; x_wconf 91' lang='lat' dir='ltr'>sparsa</span> <span class='ocrx_word' id='word_1_115' title='bbox 1819 1991 2043 2051; x_wconf 91' lang='lat' dir='ltr'>quoque</span> <span class='ocrx_word' id='word_1_116' title='bbox 2087 1971 2308 2052; x_wconf 85' lang='lat' dir='ltr'>disjecti</span> <span class='ocrx_word' id='word_1_117' title='bbox 2343 1971 2533 2052; x_wconf 91' lang='lat' dir='ltr'>operis</span> 
     </span>
     <span class='ocr_line' id='line_1_18' title="bbox 741 2085 2534 2166; baseline 0.001 -22"><span class='ocrx_word' id='word_1_118' title='bbox 741 2086 835 2147; x_wconf 90' lang='lat' dir='ltr'>illa</span> <span class='ocrx_word' id='word_1_119' title='bbox 870 2085 1030 2165; x_wconf 84' lang='lat' dir='ltr'>quasi</span> <span class='ocrx_word' id='word_1_120' title='bbox 1063 2086 1323 2147; x_wconf 88' lang='lat' dir='ltr'>membra</span> <span class='ocrx_word' id='word_1_121' title='bbox 1361 2087 1641 2148; x_wconf 90' lang='lat' dir='ltr'>constanti</span> <span class='ocrx_word' id='word_1_122' title='bbox 1687 2087 1972 2166; x_wconf 87' lang='lat' dir='ltr'>voluptate</span> <span class='ocrx_word' id='word_1_123' title='bbox 2020 2086 2261 2165; x_wconf 82' lang='lat' dir='ltr'>legentis</span> <span class='ocrx_word' id='word_1_124' title='bbox 2305 2085 2534 2147; x_wconf 86' lang='lat' dir='ltr'>animus</span> 
     </span>
     <span class='ocr_line' id='line_1_19' title="bbox 744 2199 2532 2280; baseline 0.001 -22"><span class='ocrx_word' id='word_1_125' title='bbox 744 2199 1066 2261; x_wconf 88' lang='lat' dir='ltr'>intendatur</span> <span class='ocrx_word' id='word_1_126' title='bbox 1096 2223 1106 2259; x_wconf 91' lang='lat'><strong>:</strong></span> <span class='ocrx_word' id='word_1_127' title='bbox 1135 2201 1250 2261; x_wconf 85' lang='lat' dir='ltr'>sive</span> <span class='ocrx_word' id='word_1_128' title='bbox 1272 2200 1472 2280; x_wconf 91' lang='lat' dir='ltr'>strepit</span> <span class='ocrx_word' id='word_1_129' title='bbox 1497 2201 1568 2261; x_wconf 90' lang='lat' dir='ltr'>ad</span> <span class='ocrx_word' id='word_1_130' title='bbox 1590 2220 1756 2261; x_wconf 90' lang='lat' dir='ltr'>aures</span> <span class='ocrx_word' id='word_1_131' title='bbox 1778 2210 2001 2262; x_wconf 86' lang='lat' dir='ltr'>nostras</span> <span class='ocrx_word' id='word_1_132' title='bbox 2024 2199 2267 2261; x_wconf 90' lang='lat' dir='ltr'>dolentis</span> <span class='ocrx_word' id='word_1_133' title='bbox 2289 2199 2532 2279; x_wconf 86' lang='lat' dir='ltr'>iratique</span> 
     </span>
     <span class='ocr_line' id='line_1_20' title="bbox 746 2312 2536 2394; baseline 0.001 -24"><span class='ocrx_word' id='word_1_134' title='bbox 746 2332 850 2373; x_wconf 88' lang='lat' dir='ltr'>vox</span> <span class='ocrx_word' id='word_1_135' title='bbox 880 2322 1061 2394; x_wconf 86' lang='lat' dir='ltr'>poetae</span> <span class='ocrx_word' id='word_1_136' title='bbox 1083 2363 1097 2388; x_wconf 90' lang='lat'>,</span> <span class='ocrx_word' id='word_1_137' title='bbox 1131 2314 1279 2375; x_wconf 90' lang='lat' dir='ltr'>ultro</span> <span class='ocrx_word' id='word_1_138' title='bbox 1318 2333 1665 2394; x_wconf 86' lang='lat' dir='ltr'>erumpens;</span> <span class='ocrx_word' id='word_1_139' title='bbox 1704 2313 1818 2374; x_wconf 86' lang='lat' dir='ltr'>sive</span> <span class='ocrx_word' id='word_1_140' title='bbox 1847 2314 2120 2393; x_wconf 82' lang='lat' dir='ltr'>dignitate</span> <span class='ocrx_word' id='word_1_141' title='bbox 2143 2322 2198 2374; x_wconf 92' lang='lat' dir='ltr'>et</span> <span class='ocrx_word' id='word_1_142' title='bbox 2223 2312 2536 2375; x_wconf 73' lang='lat' dir='ltr'>constantia</span> 
     </span>
     <span class='ocr_line' id='line_1_21' title="bbox 747 2426 2539 2507; baseline 0.001 -22"><span class='ocrx_word' id='word_1_143' title='bbox 747 2427 942 2506; x_wconf 92' lang='lat' dir='ltr'>plenas</span> <span class='ocrx_word' id='word_1_144' title='bbox 977 2427 1283 2488; x_wconf 90' lang='lat' dir='ltr'>sententias</span> <span class='ocrx_word' id='word_1_145' title='bbox 1310 2427 1754 2507; x_wconf 83' lang='lat' dir='ltr'>gravissimaque</span> <span class='ocrx_word' id='word_1_146' title='bbox 1791 2437 2075 2507; x_wconf 85' lang='lat' dir='ltr'>praecepta</span> <span class='ocrx_word' id='word_1_147' title='bbox 2111 2437 2302 2488; x_wconf 91' lang='lat' dir='ltr'>mente</span> <span class='ocrx_word' id='word_1_148' title='bbox 2338 2426 2539 2488; x_wconf 91' lang='lat' dir='ltr'>hauri-</span> 
     </span>
     <span class='ocr_line' id='line_1_22' title="bbox 748 2540 2540 2621; baseline -0.001 -20"><span class='ocrx_word' id='word_1_149' title='bbox 748 2560 915 2616; x_wconf 89' lang='lat' dir='ltr'>mus;</span> <span class='ocrx_word' id='word_1_150' title='bbox 945 2541 1059 2602; x_wconf 88' lang='lat' dir='ltr'>sive</span> <span class='ocrx_word' id='word_1_151' title='bbox 1094 2542 1265 2602; x_wconf 91' lang='lat' dir='ltr'>etiam</span> <span class='ocrx_word' id='word_1_152' title='bbox 1304 2542 1593 2603; x_wconf 93' lang='lat' dir='ltr'>interdum</span> <span class='ocrx_word' id='word_1_153' title='bbox 1623 2542 1738 2603; x_wconf 90' lang='lat' dir='ltr'>leni</span> <span class='ocrx_word' id='word_1_154' title='bbox 1772 2544 2119 2621; x_wconf 73' lang='lat' dir='ltr'>venustaque</span> <span class='ocrx_word' id='word_1_155' title='bbox 2145 2540 2540 2602; x_wconf 88' lang='lat' dir='ltr'>remissiorum</span> 
     </span>
     <span class='ocr_line' id='line_1_23' title="bbox 750 2655 2534 2734; baseline -0.001 -18"><span class='ocrx_word' id='word_1_156' title='bbox 750 2655 1056 2716; x_wconf 87' lang='lat' dir='ltr'>affectuum</span> <span class='ocrx_word' id='word_1_157' title='bbox 1080 2655 1257 2734; x_wconf 71' lang='lat' dir='ltr'>gratia</span> <span class='ocrx_word' id='word_1_158' title='bbox 1286 2656 1706 2717; x_wconf 89' lang='lat' dir='ltr'>demulcemur.</span> <span class='ocrx_word' id='word_1_159' title='bbox 2509 2675 2534 2686; x_wconf 82' lang='lat'><strong>·</strong></span> 
     </span>
    </p>

    <p class='ocr_par' dir='ltr' id='par_1_7' title="bbox 754 2753 2547 3308">
     <span class='ocr_line' id='line_1_24' title="bbox 829 2753 2540 2850; baseline -0.004 -20"><span class='ocrx_word' id='word_1_160' title='bbox 829 2753 1295 2830; x_wconf 80' lang='lat' dir='ltr'>Meminerimus¹</span> <span class='ocrx_word' id='word_1_161' title='bbox 1335 2790 1445 2849; x_wconf 92' lang='lat' dir='ltr'>quo</span> <span class='ocrx_word' id='word_1_162' title='bbox 1482 2770 1695 2850; x_wconf 80' lang='lat' dir='ltr'>ingenii</span> <span class='ocrx_word' id='word_1_163' title='bbox 1727 2769 1920 2849; x_wconf 83' lang='lat' dir='ltr'>vigore</span> <span class='ocrx_word' id='word_1_164' title='bbox 1956 2767 2215 2848; x_wconf 87' lang='lat' dir='ltr'>publicas</span> <span class='ocrx_word' id='word_1_165' title='bbox 2251 2765 2540 2844; x_wconf 83' lang='lat' dir='ltr'>Theognis</span> 
     </span>
     <span class='ocr_line' id='line_1_25' title="bbox 754 2880 2546 2964; baseline -0.002 -21"><span class='ocrx_word' id='word_1_166' title='bbox 754 2892 1010 2944; x_wconf 88' lang='lat' dir='ltr'>exerceat</span> <span class='ocrx_word' id='word_1_167' title='bbox 1056 2883 1427 2946; x_wconf 87' lang='lat' dir='ltr'>inimicitias:</span> <span class='ocrx_word' id='word_1_168' title='bbox 1460 2904 1631 2964; x_wconf 90' lang='lat' dir='ltr'>quam</span> <span class='ocrx_word' id='word_1_169' title='bbox 1668 2883 1785 2945; x_wconf 90' lang='lat' dir='ltr'>acri</span> <span class='ocrx_word' id='word_1_170' title='bbox 1821 2883 2039 2963; x_wconf 91' lang='lat' dir='ltr'>impetu</span> <span class='ocrx_word' id='word_1_171' title='bbox 2084 2882 2143 2941; x_wconf 89' lang='lat' dir='ltr'>in</span> <span class='ocrx_word' id='word_1_172' title='bbox 2182 2880 2378 2941; x_wconf 90' lang='lat' dir='ltr'>odium</span> <span class='ocrx_word' id='word_1_173' title='bbox 2422 2880 2546 2960; x_wconf 88' lang='lat' dir='ltr'>ejus</span> 
     </span>
     <span class='ocr_line' id='line_1_26' title="bbox 755 2993 2547 3078; baseline -0.003 -20"><span class='ocrx_word' id='word_1_174' title='bbox 755 2999 982 3063; x_wconf 91' lang='lat' dir='ltr'>animus</span> <span class='ocrx_word' id='word_1_175' title='bbox 1018 2998 1227 3073; x_wconf 83' lang='lat' dir='ltr'>exsilit,</span> <span class='ocrx_word' id='word_1_176' title='bbox 1268 3007 1364 3059; x_wconf 92' lang='lat' dir='ltr'>aut</span> <span class='ocrx_word' id='word_1_177' title='bbox 1403 3018 1573 3078; x_wconf 86' lang='lat' dir='ltr'>quam</span> <span class='ocrx_word' id='word_1_178' title='bbox 1608 2997 1835 3078; x_wconf 91' lang='lat' dir='ltr'>penitus</span> <span class='ocrx_word' id='word_1_179' title='bbox 1879 2997 2051 3056; x_wconf 87' lang='lat' dir='ltr'>infixo</span> <span class='ocrx_word' id='word_1_180' title='bbox 2088 2996 2284 3056; x_wconf 89' lang='lat' dir='ltr'>dolore</span> <span class='ocrx_word' id='word_1_181' title='bbox 2320 2993 2547 3073; x_wconf 82' lang='lat' dir='ltr'>angitur</span> 
     </span>
     <span class='ocr_line' id='line_1_27' title="bbox 758 3114 2545 3196; baseline -0.003 -22"><span class='ocrx_word' id='word_1_182' title='bbox 758 3124 921 3194; x_wconf 90' lang='lat' dir='ltr'>atque</span> <span class='ocrx_word' id='word_1_183' title='bbox 942 3116 1338 3176; x_wconf 83' lang='lat' dir='ltr'>exacerbatur!</span> <span class='ocrx_word' id='word_1_184' title='bbox 1380 3116 1518 3186; x_wconf 87' lang='lat' dir='ltr'>Quae</span> <span class='ocrx_word' id='word_1_185' title='bbox 1541 3115 1744 3190; x_wconf 83' lang='lat' dir='ltr'>minae,</span> <span class='ocrx_word' id='word_1_186' title='bbox 1772 3134 1944 3194; x_wconf 90' lang='lat' dir='ltr'>quam</span> <span class='ocrx_word' id='word_1_187' title='bbox 1962 3114 2099 3175; x_wconf 79' lang='lat' dir='ltr'>dirae</span> <span class='ocrx_word' id='word_1_188' title='bbox 2125 3131 2345 3193; x_wconf 88' lang='lat' dir='ltr'>preces,</span> <span class='ocrx_word' id='word_1_189' title='bbox 2374 3128 2545 3196; x_wconf 90' lang='lat' dir='ltr'>quam</span> 
     </span>
     <span class='ocr_line' id='line_1_28' title="bbox 758 3224 2547 3308; baseline -0.004 -20"><span class='ocrx_word' id='word_1_190' title='bbox 758 3248 888 3288; x_wconf 89' lang='lat' dir='ltr'>acer</span> <span class='ocrx_word' id='word_1_191' title='bbox 903 3229 1172 3306; x_wconf 74' lang='lat' dir='ltr'>gemitus!</span> <span class='ocrx_word' id='word_1_192' title='bbox 1198 3229 1365 3289; x_wconf 88' lang='lat' dir='ltr'>Nunc</span> <span class='ocrx_word' id='word_1_193' title='bbox 1388 3249 1520 3289; x_wconf 89' lang='lat' dir='ltr'>eum</span> <span class='ocrx_word' id='word_1_194' title='bbox 1538 3229 1836 3290; x_wconf 89' lang='lat' dir='ltr'>audiamus</span> <span class='ocrx_word' id='word_1_195' title='bbox 1861 3227 2101 3308; x_wconf 88' lang='lat' dir='ltr'>patriam</span> <span class='ocrx_word' id='word_1_196' title='bbox 2120 3226 2323 3306; x_wconf 90' lang='lat' dir='ltr'>pietate</span> <span class='ocrx_word' id='word_1_197' title='bbox 2347 3224 2547 3282; x_wconf 65' lang='lat' dir='ltr'>moesta</span> 
     </span>
    </p>
   </div>
   <div class='ocr_carea' id='block_1_6' title="bbox 831 3480 1554 3543">
    <p class='ocr_par' dir='ltr' id='par_1_8' title="bbox 831 3480 1554 3543">
     <span class='ocr_line' id='line_1_29' title="bbox 831 3480 1554 3543; baseline 0.003 -16"><span class='ocrx_word' id='word_1_198' title='bbox 831 3483 844 3509; x_wconf 85' lang='lat'>¹</span> <span class='ocrx_word' id='word_1_199' title='bbox 882 3480 990 3529; x_wconf 91' lang='lat' dir='ltr'>Vid.</span> <span class='ocrx_word' id='word_1_200' title='bbox 1017 3494 1168 3543; x_wconf 82' lang='lat' dir='ltr'>supra</span> <span class='ocrx_word' id='word_1_201' title='bbox 1188 3517 1200 3539; x_wconf 93' lang='lat'>,</span> <span class='ocrx_word' id='word_1_202' title='bbox 1236 3494 1286 3542; x_wconf 85' lang='lat' dir='ltr'>p.</span> <span class='ocrx_word' id='word_1_203' title='bbox 1317 3480 1381 3527; x_wconf 71' lang='lat'>52</span> <span class='ocrx_word' id='word_1_204' title='bbox 1406 3487 1455 3528; x_wconf 83' lang='lat' dir='ltr'>et</span> <span class='ocrx_word' id='word_1_205' title='bbox 1478 3493 1554 3541; x_wconf 86' lang='lat' dir='ltr'>sq.</span> 
     </span>
    </p>
   </div>
  </div>
 </body>
</html>
