2800 4368
650 359 743 410 tur
765 349 930 410 Ceres
945 397 960 423 ‚
978 349 1209 429 Apollo,
1229 349 1449 431 Jupiter
1476 353 1753 417 acrsorsan
1775 351 2106 433 Neptunus:
2125 357 2448 419 secundum

656 461 790 550 hos,
837 461 1415 537 Bacchus‚Miner.va
1450 473 1505 523 et
1539 465 1752 526 Venus,
2103 534 2105 539 ,
2267 456 2271 460 ’

663 629 684 639 ,
733 572 1193 652 Antiquissimus‘
1237 575 1500 639 omnium
1557 576 1776 649 Cereris
1839 579 2023 640 cultus
2087 579 2442 647 habebatur:
2486 643 2490 647 ,

651 686 824 747 dubio
854 689 1058 767 procul
1073 688 1315 768 Megarae
1345 689 1517 751 simul
1536 698 1703 769 atque
1730 690 1790 749 in
1806 691 2074 753 Eleusine
2102 693 2245 754 urbe
2260 692 2447 761 vicina

655 799 1016 867 constitutus.
1045 803 1185 883 Ejus
1213 805 1493 884 templum
1512 851 1527 878 ,
1555 813 1608 866 τὸ
1633 810 1897 886 Μέγᾳρου,
1914 805 1973 864 in
1994 806 2447 873 vetustiore‘arce

650 931 681 971 a
716 913 969 994 Pelasgis
1008 919 1298 993 erectum,
1339 928 1394 980 et
1433 919 1565 980 urbi
1608 938 1820 980 nomen
1857 919 2094 994 indidit,
2134 927 2190 980 et
2219 921 2448 993 summa

623 1045 883 1107 „semper
929 1029 1292 1092 veneratione
1333 1031 1750 1093 circumdatum
1791 1032 1928 1093 est¹.
1975 1033 2117 1092 Eam
2152 1031 2447 1112 propriam

653 1141 892 1212 civitatis
914 1142 1091 1214 Deam
1121 1153 1177 1213 et
1203 1164 1368 1225 paene
1392 1145 1699 1224 praesidem
1735 1145 1910 1208 fuisse
1932 1154 2206 1226 praeterea
2231 1143 2446 1213 indicio

653 1265 786 1316 sunt
835 1275 1211 1317 nummorum
1253 1257 1671 1337 Megaricorum
1715 1259 1862 1339 typi,
1920 1258 2043 1338 ejus
2100 1256 2442 1335 imaginem,

653 1371 992 1452 plerumque
1019 1373 1416 1434 Romanorum
1446 1373 1860 1454 imperatorum
1889 1383 2052 1435 aetate
2077 1381 2244 1451 atque
2273 1371 2456 1433 intera

651 1488 790 1547 dum
828 1488 1001 1554 etiamv
1037 1487 1228 1568 priore
1277 1497 1567 1569 tempore,
1622 1488 1989 1549 referentes2.
2036 1485 2178 1547 Aliis
2221 1504 2447 1565 quoque

558 1612 564 1617 ’
653 1582 884 1682 templis
929 1602 1243 1677 colebatur,
1299 1602 1359 1661 in
1413 1602 1536 1682 ipsa
1591 1600 1853 1662 Alcathoi
1900 1619 2030 1661 arce
2078 1608 2142 1659 ut
2191 1598 2448 1679 Legifera

654 1717 1002 1798 (Θεσμοφόρος)
1026 1717 1069 1791 ⁵,
1089 1725 1145 1778 et
1167 1717 1238 1777 ad
1260 1716 1311 1776 N
1315 1716 1509 1777 isaeam
1526 1725 1589 1777 ut
1605 1714 1823 1775 Ovifffl‘a
1845 1713 2173 1795 (Μαλοφόρος)
2188 1714 2230 1772 ⁴.
2252 1712 2448 1774 Serva·-

653 1832 821 1893 batur
842 1832 1014 1894 etiam
1030 1831 1104 1890 in
1116 1831 1265 1893 *urbe
1287 1839 1446 1910 petra
1460 1830 1819 1891 Anaclethra
1833 1828 2088 1903 nomine,
2101 1828 2260 1907 juxta
2274 1845 2447 1906 quam

656 1947 872 2014 scilicet
902 1946 1278 2024 Ceresfiliam
1314 1954 1569 2026 ereptam
1596 1944 1915 2007 vocavisse⁵
1937 1943 2251 2004 dicebatur.
2281 1936 2448 2011 Quod

654 2062 713 2122 in
742 2062 998 2123 nummis
1018 2106 1035 2135 ‚
1067 2061 1324 2123 mulieris
1360 2060 1747 2139 investigantis
1781 2058 1974 2120 habitu
1998 2103 2021 2133 ‚-
2051 2057 2234 2119 facem
2269 2075 2448 2121 manu

656 2178 896 2255 utraque
937 2194 1140 2256 gerens
1179 2175 1573 2255 effingebatur,
1623 2174 1680 2235 id
1723 2173 1939 2254 pariter
1982 2172 2052 2231 ad
2096 2170 2447 2234 Eleusiniam

656 2291 904 2353 fabulam
939 2290 1225 2371 pertinere
1254 2289 1451 2368 liquet.

732 2405 1235 2475 Quemadmodum
1284 2404 1476 2465 Cereri
1516 2424 1614 2471 arx
1663 2402 1824 2464 Caria
1859 2408 2188 2463 consecrata
2222 2398 2440 2471 fuerat,

656 2520 731 2580 ita
753 2519 1034 2600 Apollinis
1066 2538 1283 2580 numen
1316 2518 1436 2579 arci
1464 2517 1776 2579 Alcathoiae
1811 2516 2055 2578 adfuisse
2088 2515 2211 2595 jam
2242 2520 2446 2573 notum

657 2643 767 2695 est.
811 2633 1170 2714 Quapropter
1205 2642 1262 2693 et
1306 2632 1451 2712 ipse·
1473 2632 1624 2693 Deus
1679 2631 1910 2712 proprie
1967 2639 2238 2711 patronus
2284 2626 2448 2690 urbis

657 2749 914 2823 habitus,
962 2766 1141 2827 quum
1186 2756 1459 2827 praeterea
1506 2746 1750 2826 Megarei
1794 2743 1989 2826 pater6
2021 2744 2339 2818 diceretur,
2383 2741 2446 2801 in

727 3006 740 3031 ¹
780 3003 922 3051 Paus.
951 3001 1001 3060 1,
1030 3002 1123 3059 59,
1151 3002 1212 3060 43
1240 3000 1292 3060 Ι,
1320 3001 1409 3058 40,
1438 3000 1485 3048 5.

724 3094 741 3117 ⁹·
779 3089 967 3139 Eckhel
992 3089 1159 3149 Doctr.
1186 3087 1332 3137 Num.
1360 3096 1461 3137 vet.
1491 3102 1537 3137 v.
1565 3087 1623 3134 ll.
1651 3085 1798 3136 Attio.

726 3182 744 3206 ³
780 3179 923 3249 Paus.
946 3178 999 3236 vl,
1026 3178 1120 3237 42,
1149 3180 1196 3227 7.

726 3269 746 3295 ⁴
778 3267 854 3316 Id.
882 3267 929 3324 Ι,
957 3267 1022 3314 44
1043 3304 1055 3325 ,
1083 3267 1133 3313 4.

730 3354 1130 3412 ⁵1d.1‚45‚2.
1181 3340 1184 3342 ’

729 3446 747 3472 ⁶
784 3443 956 3506 Steph.
986 3442 1099 3505 Byz.
1130 3454 1238 3490 voc.
1267 3446 1457 3507 Μέγαρα.
