2800 4368
840 164 878 204 ς

1418 236 1514 270 ..·
1541 226 1618 285 60
1661 256 1739 273 .-

663 366 878 445 .ὶίηθᾶῑ,
926 387 1125 428 eorum
1182 368 1333 427 vices
1374 387 1441 427 ac
1475 369 1589 428 fere
1629 388 1870 442 munus,
1934 378 2151 430 mutato
2193 370 2471 446 nomine,

673 490 944 560 strategos
989 481 1267 554 subiisse;
1319 489 1375 541 et
1404 482 1574 542 simul
1623 483 1812 542 forsan
1836 532 1849 557 ‚
1897 483 2094 543 relicto
2131 483 2426 564 AEsymnio
2450 532 2472 558 7

671 596 840 655 altera
874 594 1031 654 curia
1074 603 1362 654 senatores
1390 614 1513 655 esse
1549 615 1684 656 usos
1725 617 1736 654 :
1773 599 1837 656 ea
1862 596 2155 669 videlicet,
2191 616 2363 675 quam
2408 596 2473 655 in

671 717 1047 768 monumento
1077 708 1316 770 Timalci
1338 759 1351 784 ,
1386 710 1633 788 Megarei
1668 710 1802 784 filii,
1839 710 2205 771 constitutam
2235 730 2300 770 ex
2321 710 2481 771 Pau-⁴

672 821 825 880 sania
860 821 873 848 ¹
914 821 1241 883 didicimus.
2308 830 2317 834 ’

751 935 1026 1014 Strategi,
1053 956 1119 996 ex
1142 937 1339 997 eadem
1363 937 1473 998 hac
1501 938 1874 1018 inscriptione
1893 986 1907 1011 ‚
1930 933 2259 1017 reipublicae
2280 935 2466 996 admi-

670 1047 975 1108 nistrandae
1010 1059 1148 1110 tunc
1185 1051 1479 1130 praefuisse
1507 1052 1802 1126 videntur,
1850 1060 1914 1113 ut
1942 1051 2227 1130 quondam
2247 1099 2261 1124 ‚
2294 1050 2468 1111 abro-

669 1162 796 1239 gata
822 1162 977 1241 regia
1013 1164 1346 1224 auctoritate
1370 1213 1383 1238 ,
1419 1165 1785 1245 AEsymnetae.
1842 1166 2127 1244 Strategos
2163 1163 2471 1244 inscriptos

668 1275 842 1336 fuisse
889 1276 1143 1355 quinque
1188 1278 1498 1339 Boeckhius
1545 1279 1975 1354 animadvertit,
2036 1279 2131 1358 qui
2193 1297 2472 1339 numerus

669 1390 1082 1468 Spartanorum
1118 1391 1366 1471 Ephoris
1386 1393 1692 1454 attributus
1710 1402 1866 1467 erat;
1902 1393 1972 1452 ad
1997 1393 2108 1452 hoc
2136 1392 2195 1450 in
2219 1391 2471 1470 quinque
2512 1410 2516 1418 ·

668 1513 855 1582 partes
889 1502 1248 1585 Megaridem
1293 1507 1460 1582 olim,
1500 1527 1680 1586 quum
1721 1527 1823 1587 per
1861 1505 2016 1565 vicos
2057 1505 2223 1584 (κατὰ
2267 1503 2470 1585 κώμας)

668 1617 1049 1694 habitaretur,
1090 1617 1231 1681 teste
1268 1621 1578 1682 Plutarcho
1610 1620 1630 1649 ²
1654 1620 1894 1681 divisam
1917 1669 1931 1695 ‚
1962 1628 2128 1698 atque
2164 1618 2380 1679 incolas
2408 1616 2470 1677 in-

668 1731 919 1812 quinque
954 1736 1185 1796 nomina
1233 1737 1565 1797 distributos
1596 1759 1606 1795 :
1639 1729 1857 1819 lipooe'ag,
1883 1743 2096 1816 Πιρκέας
2118 1778 2131 1803 ,
2186 1740 2467 1814 Μεγαρέας,

669 1857 1030 1930 Κυνοσουρέας,
1064 1866 1108 1911 T
1112 1857 1482 1932 ριποδισκαίους.
1514 1851 1666 1912 Num
1690 1851 1990 1911 indeidem
2006 1850 2369 1911 inferendum
2386 1858 2471 1910 est

667 1963 818 2040 quod
849 1963 1157 2024 Boeckhius
1185 1966 1254 2025 de
1280 1954 1636 2026 Chalcedone
1663 1964 1990 2025 concludit?
2020 1965 2128 2034 Qui
2154 2013 2168 2039 ,
2203 1983 2382 2043 quum
2406 1963 2465 2023 in

667 2076 829 2136 titulo
879 2075 1295 2138 Chalcedonico
1333 2078 1573 2158 singulis
1616 2078 2081 2157 AEsymnetarum
2132 2077 2466 2139 nominibus

670 2192 921 2252 tribuum
958 2192 1244 2253 variarum
1284 2194 1519 2254 nomina
1555 2194 1820 2274 adjuncta
1858 2212 1980 2253 esse
2029 2192 2359 2268 videantur,
2401 2212 2467 2253 ex

667 2308 820 2369 tribu
843 2312 1064 2388 quaque
1097 2330 1278 2370 unum
1307 2311 1699 2391 AEsymnetam
1729 2319 1784 2370 et
1797 2329 1991 2390 parem
2017 2319 2345 2370 senatorum
2362 2328 2467 2368 nu—

666 2441 893 2483 merum
913 2423 1121 2484 electos
1142 2443 1263 2485 esse
1292 2423 1593 2484 existimat.
1615 2425 1770 2484 Num
1783 2424 2042 2484 similiter
2065 2425 2270 2483 harum
2290 2421 2463 2503 quin—

667 2556 775 2614 que
791 2537 1038 2616 partium
1062 2538 1268 2617 cuique
1292 2539 1684 2618 Strategorum
1696 2557 1880 2599 unum
1894 2548 2197 2619 suppetere
2223 2557 2463 2598 conces-

668 2669 795 2708 sum
830 2650 1031 2725 fuerit,
1083 2651 1141 2710 id
1186 2671 1423 2731 prorsus
1451 2652 1694 2713 dubium
1738 2661 1842 2714 est.
1881 2651 1984 2712 His
2018 2651 2173 2712 enim
2213 2650 2466 2730 quinque

668 2765 999 2827 nominibus
1048 2766 1345 2844 Megaricae
1405 2767 1588 2828 tribus
1648 2767 1958 2847 significari
2012 2786 2125 2826 non
2180 2773 2459 2846 possunt,

668 2879 937 2956 quoniam
962 2880 1192 2940 aliunde
1231 2881 1446 2941 scimus
1469 2881 1620 2943 idem
1645 2882 1796 2960 quod
1820 2880 2112 2961 Spartanis
2128 2929 2141 2954 ‚
2168 2879 2465 2958 Megaren-

668 2992 826 3054 sibus
847 2995 1140 3070 accidisse‚
1176 2996 1348 3075 quiin
1371 3006 1486 3058 tres
1509 2997 1745 3069 Doricas
1774 2996 1958 3057 tribus
1983 2997 2213 3056 fuerunt
2243 2993 2457 3075 partiti,

670 3108 891 3187 llylleos
911 3153 923 3172 ‚
954 3109 1295 3188 Pamphylos
1326 3119 1381 3169 et
1405 3111 1687 3189 Dymanes
1718 3133 1729 3184 3
1782 3110 1989 3189 quibus
2030 3108 2263 3169 Adriani
2294 3115 2456 3168 aetate

733 3383 746 3407 ¹
776 3379 916 3429 Paus,
946 3380 998 3439 l,
1025 3380 1089 3427 40.)
1110 3417 1122 3438 ,
1151 3381 1198 3427 5.

731 3468 749 3493 ²
785 3465 874 3521 Qu.
904 3483 981 3531 gr.
1010 3468 1117 3516 Vol.
1146 3469 1192 3525 7,
1223 3483 1271 3530 p.
1296 3469 1409 3516 185.
