2860 4380
1443 354 1743 397 -Π-

698 492 822 547 tum
871 498 1142 562 suspensa
1190 488 1319 542 ante
1374 479 1714 540 deformatas
1781 478 1991 540 Christi
2041 489 2493 562 sanctorumque

698 597 973 677 imagines
1007 595 1245 674 lampas.

774 711 968 788 Itaque
1009 708 1294 787 Megaram
1335 705 1504 766 hodie
1538 705 1910 786 prospicienti
1954 706 2188 767 cuilibet
2229 726 2260 768 e
2290 708 2480 773 media

695 823 835 885 valle
875 842 992 884 non
1026 821 1330 882 temnenda
1368 819 1498 900 pagi
1540 818 2016 899 geminarumque
2049 820 2272 880 arcium
2311 822 2495 883 moles

697 956 818 998 sese
864 936 1081 1014 erigere
1129 934 1432 1003 videbitur,
1481 934 1578 994 sed
1617 933 1692 993 ita
1745 941 1936 993 tamen
1981 941 2046 993 ut
2094 934 2330 994 nullam
2359 934 2494 996 inde

692 1052 1037 1131 voluptatem
1063 1048 1213 1110 oculi
1241 1048 1561 1129 percipiant
1584 1070 1599 1122 3
1638 1067 1816 1127 quum
1840 1066 2047 1127 neque,
2074 1056 2138 1107 ut
2175 1067 2327 1128 saepe
2357 1049 2494 1111 alibi

695 1163 978 1231 occurrit,
1025 1162 1196 1223 ullius
1250 1161 1471 1222 arboris
1521 1161 1762 1221 admista
1811 1161 2010 1221 fronde
2056 1161 2338 1221 amoenior
2393 1161 2496 1223 fiat

692 1286 974 1358 aspectus,
1001 1295 1185 1355 neque
1211 1293 1569 1355 purpureum
1594 1273 1758 1335 illum
1782 1275 2147 1354 splendorem
2178 1274 2328 1336 saxis
2355 1294 2493 1336 mu-

680 1391 881 1471 risque
923 1391 1005 1451 sol
1053 1386 1334 1461 induerit,
1390 1387 1718 1447 sed‘unum
1763 1396 1818 1447 et
1863 1396 2220 1450 constantem
2278 1386 2494 1449 cinerei

692 1503 898 1565 coloris
951 1512 1210 1563 tenorem
1274 1500 1465 1561 omnia
1515 1519 1635 1580 prae
1689 1519 1749 1560 se
1798 1500 2016 1575 ferant3
2069 1521 2254 1581 neque
2321 1501 2494 1563 etiam

690 1618 939 1685 animus,
963 1624 1060 1677 aut
1081 1616 1154 1676 ob
1167 1614 1511 1674 immensam
1535 1612 1819 1673 moenium
1849 1613 2219 1693 antiquorum
2242 1623 2496 1677 structu-

690 1751 813 1792 ram
839 1729 1213 1790 admiratione
1242 1728 1605 1808 percellatur,
1643 1735 1741 1787 aut
1773 1745 1932 1787 novae
1963 1727 2204 1789 civitatis
2224 1728 2490 1809 juvenili,

689 1853 963 1923 tanquam
1015 1840 1383 1922 pubescentis
1404 1889 1418 1915 ,
1474 1841 1617 1900 flore
1678 1849 1987 1900 recreetur.
2043 1841 2278 1901 Memini
2341 1831 2493 1923 quali

689 1956 945 2037 primum
981 1954 1169 2035 specie
1199 1974 1321 2015 sese
1345 1954 1488 2013 mihi
1511 1954 1736 2034 Megara
1761 1954 2029 2016 obtulerit
2057 1977 2068 2014 ;
2105 1975 2314 2036 nempe
2343 1957 2487 2017 hora

689 2069 1004 2131 meridiana
1026 2117 1040 2143 ,
1099 2071 1208 2147 qua
1257 2068 1459 2128 incolae
1498 2068 1758 2148 plerique
1795 2069 1882 2129 vel
1918 2069 1988 2129 ad
2022 2087 2186 2148 agros
2217 2070 2493 2138 colendos

691 2185 839 2245 foras
882 2182 1153 2256 exierant,
1184 2182 1266 2241 vel
1311 2181 1465 2242 intus
1507 2200 1734 2256 somnO,
1769 2181 1840 2242 de
1873 2201 2056 2257 more,
2096 2181 2490 2262 indulgebant,

693 2317 795 2378 per
823 2298 1105 2358 desertam
1140 2294 1289 2355 viam
1319 2295 1388 2355 ad
1424 2295 1625 2355 domos
1662 2294 1889 2355 silentes
1920 2294 2508 2375 appropinquabam3.

693 2422 749 2473 et
773 2413 895 2493 jam
932 2431 1163 2472 mecum
1216 2411 1548 2472 dubitabam
1581 2408 1843 2470 subitane
1875 2408 2058 2488 aliqua
2099 2410 2257 2470 clade
2293 2430 2496 2473 omnes

692 2526 1050 2605 Megarenses
1081 2524 1336 2605 oppressi
1379 2523 1665 2604 expulsive
1701 2531 1920 2598 essent,
1952 2542 2131 2602 quum
2173 2523 2491 2603 suspiciens

693 2657 877 2698 unum
907 2636 1205 2696 hominem
1234 2635 1345 2695 vidi
1371 2636 1429 2694 in
1461 2634 1647 2715 planis
1677 2635 1789 2697 illis
1818 2635 1983 2696 tectis
2013 2635 2404 2696 ambulantem
2438 2644 2494 2695 et

696 2751 948 2831 exiguOS,
988 2749 1195 2829 quibus
1224 2749 1371 2809 inter
1402 2767 1461 2808 se
1500 2757 1755 2828 separata
1785 2757 1937 2822 sunt,
1979 2767 2176 2808 muros
2211 2767 2495 2828 superan-

693 2874 833 2925 tem.
862 2865 1001 2935 Quae
1020 2872 1187 2938 tecta,
1208 2862 1314 2923 alia
1335 2861 1458 2922 aliis
1481 2860 1748 2940 inaequali
1771 2861 1970 2921 ordine
1993 2862 2063 2922 ad
2087 2861 2247 2922 collis
2272 2860 2491 2922 clivum

697 2977 1164 3058 superimposita,
1213 2985 1268 3036 et
1322 2994 1519 3036 muros
1567 2983 1815 3036 vetustos
1867 2975 2232 3055 turriumque
2283 2994 2502 3036 recen·
2571 2956 2574 2961 ’

692 3092 906 3151 tiorum
933 3089 1198 3169 reliquias
1219 3108 1398 3168 quum
1428 3107 1746 3163 cernerem,
1773 3088 1917 3148 nihil
1946 3089 2099 3151 aliud
2124 3089 2315 3150 videre
2339 3088 2491 3148 mihi

697 3204 850 3265 visus
885 3223 1013 3265 sum
1036 3223 1101 3263 ac
1126 3203 1320 3263 ruinas
1350 3202 1704 3263 diversarum
1731 3211 1986 3269 aetatum,
2019 3202 2304 3281 geminata
2334 3211 2488 3263 tem-

699 3318 854 3398 poris
883 3317 1200 3396 iniquitate,
1233 3317 1522 3396 aggeratas
1553 3325 2038 3396 coacervatasque.

780 3431 1045 3493 Attamen
1087 3439 1171 3492 est
1213 3429 1424 3510 aliquid
1471 3431 1621 3510 quod
1663 3430 1928 3510 Megarae,
1962 3440 2246 3512 superstes
2304 3431 2490 3492 adhuc

700 3545 1035 3626 permansit,
1063 3545 1202 3607 situs
1226 3544 1384 3605 urbis
1405 3544 1663 3605 videlicet
1683 3544 1976 3625 figuraque
1999 3544 2268 3627 regionis.
2298 3545 2490 3618 Quum
