2860 4380
843 166 884 209 ἱ

1404 267 1699 310 ...VI-..-

655 394 840 457 mium
861 443 876 470 ,
915 393 1066 474 quod
1093 395 1215 474 jam
1253 395 1449 456 multis
1498 396 1908 457 certaminibus
1929 445 1944 472 ,
1983 397 2180 458 multis
2218 397 2339 479 spei
2385 417 2455 461 ac

655 507 1063 590 desperationis
1100 507 1342 583 vicibus,
1378 508 1537 568 omni
1572 509 1819 589 denique
1855 510 2080 572 virtutis
2115 493 2319 577 ardore
2355 522 2455 575 aut

661 621 874 701 ingenii
905 620 1205 681 calliditate
1237 622 1308 681 ab
1332 629 1577 700 utroque
1599 623 1820 703 ,populo
1855 623 2095 704 petitum
2132 624 2316 686 fuerat
2337 626 2377 684 ¹!

738 734 833 794 Sic
866 753 984 795 uno
1018 733 1142 795 visu
1171 734 1396 815 capitur
1426 754 1558 816 pars
1594 735 1896 814 Megaridis
1925 737 2240 818 praecipua,
2269 737 2460 818 plani-

659 849 765 910 ties
806 867 934 927 quae
979 847 1187 909 urbem
1229 847 1518 928 Megaram
1564 847 1738 924 aluit,
1787 849 2075 911 montium
2117 819 2464 930 laterafquae

661 965 780 1024 fere
810 971 1140 1024 constanter
1175 981 1351 1043 penes
1388 982 1514 1023 eam
1549 963 1811 1038 fuerunt,
1841 971 2052 1043 ⁴portus
2097 964 2262 1044 cujus
2308 982 2463 1044 prae-

662 1076 861 1138 sertim
889 1096 1000 1137 usu
1035 1076 1249 1137 navalis
1278 1076 1402 1155 ejus
1436 1075 1690 1156 potentia
1714 1075 2249 1156 commerciumque
2270 1076 2468 1136 incre-

662 1199 857 1250 menta
901 1197 1265 1269 acceperunt.
1293 1187 1479 1249 Nisaea
1516 1188 1672 1249 enim
1707 1189 1859 1250 idem
1891 1189 2135 1269 Megarae
2168 1189 2276 1250 fuit
2317 1188 2470 1268 quod
2558 1251 2561 1253 ,

665 1303 906 1364 Athenis
946 1302 1187 1364 Piraeus,
1226 1304 1446 1364 Eodem
1474 1305 1647 1364 modo
1678 1324 1813 1366 cum
1843 1304 1988 1365 urbe
2009 1304 2210 1384 juncta
2244 1312 2330 1365 est
2366 1321 2475 1383 per

603 1490 605 1492 q
666 1417 888 1493 Lonqos
907 1414 1157 1490 Muros²‚
1186 1415 1498 1495 appellatos
1521 1434 1749 1496 quoque
1767 1410 1954 1477 Crura
1984 1415 2068 1496 (τὰ
2093 1414 2292 1495 Σκέλη),
2322 1433 2472 1495 quo-

668 1548 799 1589 rum
837 1528 975 1588 olim
1017 1548 1121 1608 per
1154 1536 1280 1588 octo
1312 1527 1486 1590 stadia
1522 1535 1943 1589 exstructorum
1981 1529 2214 1608 vestigia
2245 1537 2473 1589 tantum

671 1644 841 1705 hodie
882 1650 1120 1704 exstant.
1149 1642 1366 1703 Verum
1393 1640 1771 1703 Athenienses
1798 1642 1973 1703 Piraei
2000 1642 2231 1721 Longos
2257 1641 2473 1713 Muros,

675 1755 943 1836 potentiae
983 1737 1099 1816 suae
1129 1743 1582 1828 munimentum,
1609 1763 1665 1814 et
1693 1753 1804 1834 ipsi
1835 1762 2090 1814 struxere
2111 1801 2126 1826 ‚
2162 1762 2251 1827 et,
2291 1749 2480 1831 quoad

672 1876 1018 1950 potuerunt,
1068 1886 1358 1929 servavere
1398 1889 1410 1925 :
1454 1866 1815 1956 Megarenses
1867 1875 2059 1927 autem
2111 1864 2301 1927 simile
2337 1881 2484 1944 opus

680 2002 798 2042 non
827 1981 999 2041 modo
1034 1999 1152 2040 non
1179 1980 1330 2040 ultro
1370 1979 1685 2040 effecerunt
1709 1981 1751 2054 ³,
1791 1979 1890 2040 sed
1925 1978 2096 2039 etiam
2126 1987 2321 2038 octavo
2350 1974 2484 2037 belli

681 2094 1154 2176 Peloponnesiaci
1201 2112 1351 2153 anno
1411 2112 1707 2172 aequavere
1763 2093 1882 2153 solo
1904 2141 1919 2166 ‚
1964 2101 2029 2153 ut
2071 2090 2321 2153 libertati
2365 2107 2489 2150 suae·
2576 2126 2580 2129 -
2614 2087 2620 2090 ’

684 2210 867 2290 magis
891 2210 1160 2270 infestum
1199 2227 1372 2287 quam
1405 2208 1565 2268 utile.
1599 2206 1819 2286 Ecquid
1847 2225 2105 2286 unquam
2130 2203 2493 2266 manifestius

688 2323 933 2386 ostendit
954 2331 1233 2401 quantum
1271 2321 1332 2380 in
1367 2319 1584 2381 Graecia
1623 2318 1943 2380 interfuerit
1980 2318 2306 2398 praecipuos
2335 2316 2488 2376 inter

690 2448 743 2500 et
770 2438 1024 2498 minores
1059 2434 1342 2516 populos?

771 2554 980 2612 Portus
1016 2551 1139 2630 ipse
1177 2558 1275 2610 aut
1310 2547 1498 2628 potius
1538 2545 1701 2607 statio
1733 2545 1938 2606 Nisaeae
1987 2543 2207 2618 vicina,
2245 2543 2494 2604 nimium

694 2674 912 2747 aperta,
947 2683 1065 2724 non
1096 2664 1171 2723 ita
1206 2663 1353 2722 bene
1393 2668 1622 2735 ventos,‚
1666 2678 1733 2720 ac
1774 2657 2096 2738 praesertim
2134 2658 2359 2717 Eurum
2383 2705 2397 2730 ,
2456 2675 2488 2715 a

764 2875 779 2901 ¹
818 2869 1071 2933 Plutarch.
1094 2868 1218 2927 Sol.,
1246 2867 1277 2916 8
1302 2876 1351 2916 et
1374 2881 1442 2916 ss,
2525 2906 2531 2911 .

764 2962 783 2987 ‘²
817 2958 1039 3022 Thucyd.
1074 2956 1152 3015 IV,
1191 2955 1273 3004 66.
1301 2954 1554 3018 Aristoph.
1596 2952 1821 3016 Lysistr.‚
1850 2952 1999 2999 1170.
2025 2949 2171 3013 Apud
2189 2948 2495 3002 ‘Strabonem

702 3047 815 3114 (IX,
841 3026 960 3111 pag.
988 3043 1137 3110 591),
1164 3046 1245 3104 vel
1271 3043 1454 3107 ipsiuS,
1498 3042 1575 3090 vel
1607 3040 1799 3091 librarii
1838 3053 2012 3088 errore
2036 3038 2226 3102 legitur
2251 3036 2414 3086 decem
2455 3045 2501 3085 et

702 3145 806 3185 octo
820 3134 993 3184 stadia.
1012 3133 1167 3192 Quem
1183 3146 1446 3182 numerum
1474 3131 1634 3180 Leake
1652 3127 2066 3195 (North.Greece‚
2090 3136 2214 3176 tom.
2234 3127 2296 3187 II,
2323 3140 2369 3176 c.
2392 3123 2499 3190 17),

705 3225 836 3274 male
854 3222 1137 3287 praetulisse
1159 3221 1281 3270 mihi
1303 3220 1518 3284 videtur,
1545 3220 1677 3268 male
1701 3216 1872 3282 agnito
1897 3214 2076 3265 insulae
2100 3216 2280 3266 Minoae
2304 3214 2424 3264 situ.

770 3316 790 3342 ³
826 3313 1025 3378 Longos
1045 3311 1222 3361 Nisaeae
1253 3309 1421 3359 Muros
1458 3307 1786 3357 Athenienses
1809 3306 2028 3370 primum
2062 3312 2356 3355 struxerunt
2379 3303 2500 3358 circ.

709 3416 825 3451 ann.
852 3415 899 3451 a.
921 3401 975 3450 C.
995 3398 1407 3466 462(Thucyd.1‚
1430 3395 1545 3462 105)
1566 3415 1578 3457 ;
1599 3404 1791 3460 postea,
1820 3394 1941 3444 circ.
1964 3408 2081 3444 ann.
2111 3393 2228 3453 559,
2246 3391 2502 3449 Phocione

710 3491 863 3552 duce,
889 3489 1292 3540 instauraverunt
1316 3485 1591 3552 (Plutarch.
1622 3483 1795 3543 Phoc„
1824 3483 1936 3545 15).
