2860 4380
19 1661 44 1677 ,ἑ
58 1662 93 1675 ἱἱἱἱ

1199 828 1275 876 DE

462 1052 1384 1163 MEGARENSIUM
1482 1046 2026 1154 INGENIO.

972 1717 1569 1796 PROOEMIUM.

436 1950 680 2012 Urbium
722 1965 1046 2007 eversarum
1083 1955 1350 2025 aspectu,
1393 1953 1448 2005 et
1482 1943 1727 2004 maxime
1774 1962 1974 2004 earum
2020 1962 2147 2022 quae

198 2103 203 2116 ·
289 2056 292 2057 ⁷
353 2065 518 2126 famae
537 2062 674 2122 olim
696 2059 939 2140 quadam
963 2057 1284 2118 celebritate
1300 2058 1690 2131 innotuerunt,
1719 2057 1910 2136 quales
1936 2076 2138 2118 sensus

355 2179 416 2237 in
451 2175 658 2237 animis
699 2171 929 2233 excitari
977 2171 1212 2245 soleant,
1257 2189 1405 2250 saepe
1456 2171 1662 2248 magna
1703 2170 1756 2228 vi
1805 2170 2142 2249 eloquentiae

356 2291 575 2352 dictum
603 2296 725 2348 est:
757 2285 815 2344 id
838 2284 993 2344 enim
1020 2276 1137 2343 tam
1162 2283 1430 2363 praesenti
1459 2302 1681 2362 magnae
1712 2283 1886 2344 cladis
1922 2294 2146 2365 specta-

361 2404 489 2464 culo
541 2401 757 2472 inesse,
804 2406 868 2456 ut
907 2397 993 2455 vel
1049 2395 1290 2456 invitum
1343 2405 1567 2457 revocet
1627 2397 1695 2456 ad
1747 2416 1942 2458 rerum
1998 2399 2147 2459 vices

356 2513 697 2596 reputandas
745 2518 800 2570 et
843 2518 1080 2570 suaemet
1140 2507 1318 2588 ipsius
1370 2507 1681 2587 fragilitatis
1734 2509 2137 2572 immemorem

359 2629 678 2690 a.dmoneat
708 2623 846 2693 Quae
874 2639 1199 2701 quanquam
1227 2620 1302 2681 ita
1336 2621 1558 2699 vulgata
1583 2621 1825 2701 tritaque
1855 2643 1965 2684 usu
1989 2634 2140 2700 sunt,

284 2780 289 2787 ·
358 2751 422 2804 ut
433 2735 808 2822 jamdudum
794 2756 854 2795 ln
869 2735 1339 2804 declamationem
1355 2735 1649 2812 cesserint,
1666 2756 1836 2797 nemo
1854 2746 2044 2799 tamen
2060 2749 2144 2800 est

362 2842 459 2933 qui
486 2870 603 2912 non
635 2848 904 2909 vividiora
931 2855 986 2908 et
1013 2846 1172 2926 quasi
1206 2865 1347 2908 nova
1377 2866 1538 2907 suam
1572 2846 1632 2906 in
1666 2857 1920 2909 mentem
1952 2850 2143 2911 subire

365 2964 601 3040 sentiat,
631 2980 810 3044 quum
841 2959 1077 3022 Graeciae
1106 2959 1367 3039 regiones
1417 2959 1721 3040 perlustrat
1756 2970 1836 3022 tot
1878 2971 1932 3022 et
1979 2965 2149 3025 tantis

363 3075 680 3139 civitatibus
702 3067 927 3148 viduas,
959 3092 1026 3133 ac
1059 3074 1210 3153 saepe
1243 3081 1481 3152 angusto
1514 3073 1573 3132 in
1608 3075 1788 3154 spatio
1830 3083 1943 3135 tam
1971 3076 2147 3138 densa

363 3190 707 3271 oppidorum
744 3186 1050 3248 illustrium
1089 3187 1288 3247 funera
1326 3187 1724 3271 recognoscit3
1773 3209 1956 3270 neque
1978 3168 2145 3268 mihi,

366 3303 460 3366 cui
500 3301 771 3363 eximium
820 3301 1017 3381 patriae
1058 3301 1411 3362 beneficium
1452 3321 1771 3365 memorare
1829 3307 1983 3367 cordi
2029 3319 2162 3388 est,

365 3426 579 3477 terram
619 3415 805 3490 illam,
851 3405 1229 3476 venerandam
1279 3415 1540 3476 omnium
1598 3417 1806 3478 artium
1854 3431 2151 3500 parentem

367 3529 770 3608 altricemque,
814 3527 1105 3604 invisenti,
1148 3528 1319 3607 hujus
1361 3529 1585 3608 generis
1626 3532 1992 3611 cogitationes
2037 3555 2151 3597 non

891 3639 895 3642 ’
1883 3641 1907 3694 1
