2800 4368
1439 377 1518 386 -..
1563 309 1642 401 3ὀ
1684 379 1762 387 ,-

696 486 961 568 impressi
992 492 1143 549 sunt.
1191 482 1457 544 Attamen
1487 533 1500 559 ‚
1563 504 1750 563 quum¹
1777 486 1994 547 mirum
2027 497 2175 548 esset
2223 489 2271 549 si
2294 489 2497 571 vDeum

693 601 894 663 Isthmi
923 596 1256 679 praesidem,
1293 617 1325 657 a
1368 617 1481 676 quo
1516 598 1625 678 ipsi
1666 599 1942 660 maximas
1985 618 2121 679 opes
2189 601 2491 672 ducerente

691 731 928 795 prorsus
943 710 1321 790 neglexissent
1343 710 1702 790 Megarenses
1723 759 1736 785 ,
1769 720 2042 791 praeterea
2071 713 2496 793 conjiciendum.
2571 708 2574 710 ’

689 847 822 890 eum
847 826 935 886 vel
968 823 1263 905 praecipuo
1300 824 1453 904 apud
1516 824 1643 884 illos
1679 825 1838 886 cultu
1871 826 2155 889 floruisse.
2187 827 2495 906 Reperitur

631 979 636 987 ι
686 942 842 1003 enim
868 939 1019 1000 inter
1046 938 1475 1017 Megarensium
1520 934 1920 1017 magistratus,
1970 936 2287 1001 sinMullero
2316 938 2330 967 ¹
2359 948 2489 1003 cre-.-

682 1055 934 1116 dendum
965 1061 1082 1127 est,
1115 1052 1563 1112 Hieromnamon
1590 1073 1601 1110 :
1634 1052 1785 1131 quod
1826 1072 2040 1115 munus
2065 1101 2079 1127 ‚
2129 1064 2313 1132 quum,
2342 1052 2488 1113 Am-

681 1168 1054 1250 phipolorum
1089 1214 1103 1240 ,
1172 1165 1619 1245 Hieropolorum
1682 1167 1746 1226 'et
1803 1165 2271 1246 Hierothytarum
2336 1167 2488 1245 apud

679 1283 903 1344 Siculos
925 1279 1131 1341 officiis
1180 1279 1334 1338 haud
1371 1278 1650 1339 dissimile
1695 1279 1869 1341 fuisse
1925 1279 2213 1354 videatur,
2259 1298 2488 1359 semper

667 1393 936 1475 Neptuni
960 1391 1244 1453 sacerdoti
1274 1391 1507 1472 proprie
1544 1392 1886 1453 attributum
1914 1402 2119 1454 auctor
2146 1402 2231 1454 est
2251 1395 2480 1458 Plutar-
2531 1390 2535 1395 ’

676 1510 820 1570 chus
874 1506 915 1566 ².
967 1505 1153 1584 Atque
1187 1504 1326 1565 ubi-
1353 1505 1635 1567 deficiunt
1683 1515 1781 1566 aut
1809 1525 1929 1566 non
1982 1507 2117 1567 satis
2172 1511 2483 1587 suppetunt

671 1625 913 1702 Megarae
937 1628 1314 1681 monumenta
1333 1669 1347 1695 ‚
1387 1621 1551 1701 plura
1582 1640 1613 1680 e
1644 1619 1887 1682 coloniis
1912 1621 2194 1700 Byzantio
2217 1630 2273 1689 et
2307 1621 2477 1693 Chal-5-

671 1738 888 1799 cedone
915 1744 1173 1816 repetere
1201 1734 1336 1795 licet
1354 1783 1369 1810 ,
1396 1743 1592 1815 utpote
1629 1735 1767 1795 illuc
1815 1754 1847 1794 e
1880 1733 2167 1813 Megaride
2194 1734 2475 1803 traducta.

668 1852 891 1930 Nempe
939 1848 1104 1910 urbis
1155 1847 1455 1928 utriusque
1490 1847 2000 1908 hieromnamones
2040 1856 2472 1918 memorantur:

664 1963 894 2044 prioris,
934 1965 996 2022 in
1018 1962 1260 2024 decretis
1293 1983 1325 2023 a
1354 1956 1737 2022 Demosthene
1773 1962 1791 1988 ³
1846 1970 1901 2021 et
1933 1961 2170 2040 Polybio
2196 1961 2217 1987 ⁴
2248 1961 2469 2037 relatis,

664 2078 999 2140 unusetiam
1023 2087 1295 2157 tanquam
1307 2095 1623 2157 eponymus
1642 2098 1656 2150 3
1679 2075 1912 2136 alterius
1924 2085 2138 2151 autem,
2166 2075 2226 2134 in
2242 2076 2470 2147 decreto

660 2193 756 2253 illo
785 2193 972 2253 adhuc
999 2201 1216 2254 servato
1234 2192 1253 2218 ⁵
1274 2241 1288 2267 ,
1317 2191 1378 2250 in
1402 2210 1513 2270 quo
1543 2190 1906 2270 magistratus
1935 2190 2468 2271 eponymishocvor-

658 2306 791 2367 dine
814 2305 1071 2385 inscripti
1113 2314 1246 2365 sunt
1273 2326 1284 2362 z
1318 2304 1438 2364 Rex
1459 2353 1473 2379 ,
1515 2303 2003 2379 Hieromnamon‚
2036 2306 2204 2366 Vates
2234 2304 2466 2385 (videli-

658 2428 746 2480 cet
808 2418 1124 2499 Apollinis)
1158 2467 1172 2493 ‚
1237 2427 1355 2478 tres
1411 2418 1632 2497 Legum
1690 2418 1964 2480 Custodes
2018 2418 2461 2500 (Νομοφύλακες).

655 2535 957 2615 Neptunus
974 2553 1125 2614 saepe
1140 2533 1201 2592 in
1218 2533 1569 2612 Byzantiacis
1589 2534 1843 2595 nummis
1858 2554 2157 2614 expressus
2177 2544 2280 2597 est.
2302 2534 2464 2597 Adde

652 2649 803 2727 quod
864 2648 1036 2727 Byzas
1075 2637 1298 2721 beros,
1363 2647 1617 2727 Byzantii
1657 2647 1951 2723 conditor,
2005 2648 2259 2729 Neptuni
2309 2649 2462 2711 filius

650 2763 934 2823 ferebatur
956 2811 969 2837 ‚
1005 2761 1216 2842 pariter
1262 2749 1328 2821 ac
1365 2761 1690 2841 MegareuS‚
1724 2782 1756 2823 a
1785 2780 1898 2841 quo
1941 2763 2125 2823 Boeoti
2169 2762 2456 2842 Megaram

650 2894 862 2937 nomen
891 2874 1180 2955 accepisse
1212 2872 1652 2936 contendebant.

728 2989 937 3049 Bacchi
967 3006 1184 3048 numen
1212 2983 1569 3067 Megarenses
1594 3008 1624 3047 a
1662 2989 1948 3050 Thebanis
1978 3000 2139 3050 erant
2160 2990 2444 3074 mutuati,

712 3230 725 3254 ¹
764 3226 881 3274 Dor.
910 3225 997 3284 111,
1026 3226 1139 3286 9‚§
1173 3226 1251 3273 10.

709 3320 728 3343 ²
766 3315 993 3379 Sympos.
1022 3313 1240 3373 VIII,·8‚
1269 3315 1319 3362 4.

707 3407 725 3431 ⁵
762 3404 857 3452 Pro
881 3402 1095 3460 Coron.,
1123 3415 1173 3463 p.
1203 3402 1319 3448 255.

706 3496 727 3521 ⁴
763 3491 840 3550 IV,
870 3491 957 3549 52,
986 3491 1035 3537 4.

705 3584 724 3610 ⁵
760 3579 962 3630 Boeckh.
989 3577 1137 3640 Corp.
1166 3575 1291 3626 Insc.
1322 3575 1404 3624 Gr.
1431 3575 1492 3624 N0
1517 3577 1667 3624 5794.
