2800 4368
1367 353 1566 414 ...78
1612 390 1692 398 -.

719 494 882 566 Quod
898 515 994 556 eos
1015 504 1213 555 auctor
1227 495 1495 556 adversus
1514 495 1777 557 Neaeram
1796 497 2091 559 orationis¹
2116 500 2437 565 illiberales

634 616 799 686 atque
834 607 963 667 airis
1012 615 1237 667 tenaces
1285 606 1663 688 (ἀνελευθέρους
1713 619 1795 670 καὶ
1852 613 2196 692 μικρολόγους)
2261 615 2400 677 (ficit
2417 665 2432 692 ,

634 738 749 780 non
782 719 1029 780 multum
1073 739 1139 780 ex
1179 739 1245 780 eo
1296 719 1659 781 inferendum
1687 721 1946 798 videtur,
2004 745 2184 804 quum
2234 726 2316 788 ibi
2371 749 2439 791 ex

632 834 866 894 adverso
892 841 1256 922 opponantur
1289 834 1607 895 meretricis
1637 835 1938 914 cujusdam
1967 837 2203 900 aviditas
2235 840 2434 915 luxus-

632 968 741 1028 que
761 992 775 1014 ,
810 947 946 1008 licet
972 956 1114 1008 tunc
1142 948 1421 1029 temporis
1450 948 1599 1008 bello
1628 949 1855 1028 Megara
1894 962 2275 1031 premeretur.
2326 955 2436 1015 Sed

630 1063 869 1123 modum
892 1063 1189 1123 cumulant
1205 1062 1331 1122 haec
1353 1062 1563 1141 quibus
1585 1082 1708 1123 sese
1733 1064 1973 1125 effundit
1993 1064 2435 1128 Atheniensium

630 1177 858 1252 odium,
898 1177 1065 1237 verba
1095 1175 1570 1236 Demosthenis2:
1605 1177 2020 1257 «Megarenses
2069 1180 2207 1241 istos
2268 1201 2433 1243 exse-

630 1299 817 1353 oratos
825 1340 841 1363 ,
876 1297 1133 1371 Μεγαρέας
1162 1299 1380 1352 τουτουσὶ
1403 1296 1510 1358 τοὺς
1536 1300 1862 1372 καταράτους.

708 1408 928 1479 Quibus
957 1405 1225 1466 omnibus
1249 1404 1500 1465 collectis
1537 1405 1584 1465 si
1613 1405 1739 1484 quis
1763 1405 2183 1485 Megarensium
2214 1405 2431 1468 indolis

626 1523 934 1603 imaginem
981 1522 1062 1583 sic
1091 1522 1399 1602 perfectam
1441 1522 1637 1598 vellet,
1687 1522 1825 1601 quid
1868 1523 2094 1584 miserae
2123 1524 2280 1602 genti
2305 1524 2430 1603 jam

626 1638 911 1718 reliquum
935 1646 1109 1713 esset,
1142 1637 1255 1699 nisi
1279 1647 1342 1698 ut
1365 1637 1538 1698 totius
1563 1638 1802 1698 Graeciae
1826 1638 1943 1699 fere
1967 1637 2241 1699 vilissima
2265 1645 2432 1717 atque

624 1752 966 1813 invisissima
1012 1752 1364 1814 haberetur?
1411 1751 1574 1821 Quod
1613 1770 1746 1812 vero
1791 1751 2223 1832 iniquissimum
2260 1759 2428 1814 esset.

625 1866 823 1946 Neque
838 1875 1031 1927 tamen
1049 1866 1240 1927 omnia
1258 1868 1384 1927 haec
1407 1867 1638 1947 probra,
1665 1867 1818 1928 velut
1832 1865 2065 1927 malitiae
2085 1865 2432 1946 invidiaeque

626 1979 857 2039 crimini
883 1980 1146 2055 obnoxia,
1176 1979 1876 2060 simpliciterdelebimus.
1907 1979 2019 2039 Sed
2038 1979 2178 2041 illud
2195 1987 2423 2040 tantum

624 2112 690 2152 ex
719 2093 807 2154 his
837 2092 1234 2167 retinebimUS,
1276 2093 1636 2171 Megarenses
1668 2110 1782 2151 non
1815 2092 2014 2152 eodem
2037 2136 2051 2159 ‚
2091 2111 2202 2170 quo
2244 2090 2427 2152 Athe-

621 2280 758 2329 Suid.
785 2294 825 2328 s.
854 2293 962 2328 voc.
990 2278 1157 2328 Schol.
1201 2278 1416 2327 Theocr.
1457 2277 1531 2326 ld.
1570 2277 1698 2336 XIV,
1725 2292 1773 2325 v.
1801 2277 1884 2326 48.
1923 2276 2215 2327 Callimach.
2251 2275 2427 2342 Epigr.

621 2368 704 2417 26.
732 2367 895 2417 Strab.
921 2367 988 2425 X,
1018 2382 1068 2430 p.
1096 2368 1212 2416 449.
1241 2366 1494 2415 Plutarch.
1524 2365 1752 2429 SympOS.
1779 2364 1912 2424 VIII,
1941 2365 1990 2414 8.

687 2460 701 2487 ¹
739 2456 791 2505 P.
823 2455 970 2504 1557.
1000 2454 1170 2504 Reisk.
1267 2530 1269 2532 Ι
1687 2514 1689 2517 .

688 2550 708 2575 2
745 2545 952 2595 Advers.
1001 2543 1239 2592 Aristocr.
1294 2557 1345 2605 p.
1397 2542 1515 2601 691,
1543 2542 1626 2591 ed.
1666 2540 1831 2591 Reisk.
1859 2541 2045 2591 Forsan
2083 2542 2180 2592 1100
2218 2541 2428 2592 verbum

619 2641 879 2701 καταράτους
895 2633 956 2682 ad
978 2631 1029 2680 id
1045 2629 1241 2688 alludit,
1264 2628 1400 2692 quod
1417 2628 1670 2694 sacrilegii
1688 2628 2009 2693 Megarenses
2028 2629 2421 2679 accusabantur:

617 2723 734 2786 quia
756 2721 920 2785 primo
945 2731 1124 2783 agrum
1160 2715 1358 2765 Cereris
1387 2725 1439 2763 et
1479 2715 1795 2779 Proserpinae
1831 2729 2029 2765 sacrum
2072 2716 2204 2766 circa
2228 2716 2423 2766 Eleusi-

615 2824 731 2860 nem
756 2814 1048 2864 araverant‚
1076 2818 1134 2853 30
1157 2802 1339 2852 deinde
1358 2839 1372 2862 ‚
1401 2801 1537 2865 quod
1561 2801 1658 2865 ipsi
1683 2801 1962 2866 negabant,
1993 2801 2420 2852 Anthemocritum

616 2899 678 2947 ab
702 2893 1090 2946 Atheniensibus
1129 2891 1192 2941 de
1223 2890 1376 2940 rebus
1417 2889 1706 2953 repetendis
1737 2889 1939 2952 publice
1975 2890 2181 2939 missum
2219 2888 2421 2939 interfe-

616 2994 804 3038 cerant.
847 2982 1046 3032 Scilicet
1070 2989 1118 3029 et
1143 2980 1274 3028 hanc
1305 2991 1505 3028 causam
1532 2977 1801 3040 quominus
1824 2978 2081 3028 decretum
2114 2977 2422 3043 Megaricum

615 3075 943 3139 abrogarent,
973 3068 1267 3119 imminente
1298 3065 1724 3130 Peloponnesiaco
1748 3065 1912 3125 bello,
1958 3066 2292 3117 Athenienses
2313 3079 2424 3130 prae

613 3178 668 3212 se
692 3162 917 3211 tulerunt
931 3196 944 3218 ,
973 3165 1023 3207 et
1046 3156 1365 3220 Megarenses
1390 3154 1541 3204 caedis
1556 3154 1724 3217 impiae
1747 3153 1939 3203 crimen
1956 3154 2082 3204 adeo
2099 3169 2203 3204 non
2224 3154 2421 3204 diluere

610 3251 903 3307 valuerunt,
932 3254 986 3295 ut
1009 3243 1264 3294 Pausaniae
1303 3253 1533 3306 tempore
1570 3230 1768 3292 Deabus
1807 3241 1957 3292 etiam
1982 3251 2089 3292 tum
2127 3256 2306 3306 poenas
2329 3242 2419 3292 de-

613 3339 737 3388 here
759 3344 909 3399 atque
946 3333 1061 3382 ideo
1100 3331 1296 3380 minora
1333 3330 1536 3380 Adriani
1575 3330 1895 3394 imperatoris
1938 3331 2185 3383 beneficia
2215 3329 2418 3394 experti

614 3439 724 3476 esse
746 3423 1088 3472 crederentur.
1156 3418 1159 3420 ’

679 3510 901 3573 Thucyd.
930 3510 976 3567 1,
1003 3509 1116 3557 159.
1153 3507 1323 3557 Schol.
1351 3507 1412 3556 ad
1437 3507 1489 3555 h.
1519 3507 1553 3556 I.
1584 3507 1841 3575 Plutarch.
1868 3506 2045 3557 Pericl.
2080 3508 2162 3557 50.
2195 3507 2410 3558 Pausan.

615 3603 665 3662 1,
694 3600 782 3659 36,
811 3601 858 3646 5.
