2800 4368
810 193 845 232 s

1353 322 1431 332 -.
1477 285 1555 346 98
1599 322 1677 330 .-

626 414 848 488 huerit,
885 422 1052 491 atque
1088 409 1258 471 etiam
1311 417 1661 489 spectatores
1706 406 1867 468 utilia
1910 406 2153 467 docendi
2204 427 2420 472 munus

625 549 776 609 saepe
812 524 1144 605 susceperit.
1187 523 1583 603 Quapropter,
1630 529 1931 601 postquam
1970 518 2223 580 Atticum
2258 521 2419 601 inge-

622 644 785 703 nium
804 684 819 710 ,
844 640 967 720 ejus
994 636 1253 717 exemplo
1285 635 1584 716 adjuvante
1604 682 1620 710 ,
1653 644 1771 695 tam
1800 635 1947 695 mira
1978 635 2037 694 in
2073 635 2271 695 eadem
2299 645 2421 696 arte

620 755 994 836 produxerat,
1031 760 1170 812 tunc
1204 749 1375 811 etiam
1417 748 1776 810 comicorum
1813 747 2161 829 scriptorum
2184 795 2201 823 ,
2223 747 2422 828 judice

620 865 953 928 Atheniensi
988 865 1258 940 Platone,
1299 863 1571 944 princeps
1614 862 2034 942 Epicharmus,
2063 844 2314 942 palmam
2348 862 2424 923 ab

619 982 780 1043 initio
812 988 1150 1060 occupatam
1186 978 1441 1040 retinuit.

697 1095 960 1156 Politicas
991 1093 1300 1155 comoedias
1322 1110 1510 1171 neque
1530 1091 1797 1171 Megarae‚
1827 1088 2247 1172 imperantibus
2276 1089 2423 1170 opti-

617 1209 894 1283 matibus,
936 1225 1120 1285 neque
1164 1204 1494 1285 SyracusiS,
1533 1214 1808 1285 regnante
1848 1205 2095 1279 Gelone,
2140 1222 2274 1264 eum
2311 1202 2419 1262 do-

617 1323 834 1398 cuisse,
874 1341 976 1402 per
1008 1340 1067 1382 se
1095 1319 1462 1381 manifestum
1483 1368 1497 1394 ,
1528 1327 1805 1399 praeterea
1839 1317 2283 1398 comprobatum
2311 1326 2417 1379 est.

615 1436 852 1497 Videtur
902 1445 1093 1497 autem
1148 1433 1219 1495 ad
1279 1452 1489 1513 genera
1539 1433 1654 1493 duo
1724 1451 1960 1513 operam
2020 1430 2414 1493 contulisse¹:

616 1569 772 1611 nunc
817 1568 1091 1631 personas
1138 1567 1205 1610 ex
1267 1547 1392 1629 ipso
1440 1546 1680 1627 Olympo
1742 1545 2048 1620 excivisse,
2100 1546 2420 1607 secundum

615 1684 839 1726 morem
887 1664 1040 1744 apud
1083 1663 1305 1725 Siculos
1347 1662 1629 1740 Italosque
1672 1661 1951 1742 populos,
2000 1668 2064 1720 ut
2098 1679 2225 1720 vasa
2269 1659 2420 1740 picta

616 1787 915 1853 testantur,
949 1777 1279 1856 antiquum,
1322 1774 1776 1836 narratiunculas
1810 1794 1840 1835 e
1885 1768 2231 1854 mythologia
2258 1793 2423 1854 repe-

614 1893 743 1953 titas
773 1891 832 1951 in
860 1891 1078 1952 ludicra
1101 1889 1442 1971 joculatoria
1470 1888 1807 1950 traducendi
1833 1911 1846 1963 ;
1878 1907 2058 1963 nunc,
2088 1897 2153 1948 ut
2184 1888 2423 1949 Graeciae

615 2008 998 2087 MegarenseS,
1018 2005 1272 2067 actiones
1297 2023 1328 2064 e
1348 1979 1567 2082 vulgari
1590 2002 1899 2063 hominum
1922 2002 2034 2063 vita
2054 2003 2425 2083 depromptas

616 2121 677 2180 in
708 2140 939 2182 scenam
978 2118 1241 2180 edidisse.

700 2234 788 2296 Ad
811 2236 923 2295 hoc
955 2253 1158 2315 genus,
1191 2232 1471 2293 ambabus
1506 2231 1749 2310 Megaris
1785 2248 2131 2306 commune,
2168 2230 2423 2310 pertine-

620 2351 758 2412 bant
785 2367 1045 2430 personae
1076 2347 1338 2427 quaedam
1377 2353 1572 2417 statae,
1606 2363 1850 2424 quarum
1879 2352 2080 2404 auctor
2114 2351 2245 2403 ante
2279 2342 2424 2423 Epi-

623 2464 925 2524 charmum
962 2461 1290 2543 praecipuus
1327 2459 1646 2521 celebratus
1681 2467 1766 2520 est
1812 2458 2045 2537 quidam
2079 2459 2293 2519 Maeson
2327 2457 2425 2537 qui

623 2578 807 2638 utrius
856 2576 1099 2656 Megarae
1154 2573 1325 2636 fuerit
1377 2570 1551 2648 civis,
1590 2573 1743 2654 apud
1792 2581 2007 2632 veteres
2055 2570 2419 2650 litigabatur:

626 2692 817 2771 plures
851 2709 984 2751 eum
1006 2739 1020 2765 ,
1054 2699 1195 2750 teste
1232 2687 1508 2749 Athenaeo
1527 2686 1570 2762 ²,
1612 2686 1807 2747 siculae
1848 2685 1980 2747 urbi
2015 2684 2422 2746 attribuebant.

626 2803 734 2864 Hic
783 2803 997 2864 Maeson
1048 2822 1320 2883 personas
1371 2803 1645 2883 quasdam
1693 2799 1905 2862 dicacis
1960 2798 2106 2860 servi
2156 2807 2211 2859 et
2253 2797 2424 2878 coqui

627 2917 909 2979 invenisse
953 2918 1325 2999 perhibetur;
1376 2917 1529 2978 unde
1577 2917 1848 2978 Moesones
1890 2914 2027 2975 dicti
2085 2913 2142 2972 in
2203 2913 2426 2973 theatro

628 3034 803 3114 hujus
832 3032 1058 3112 generis
1085 3033 1289 3112 coqui,
1324 3042 1379 3092 et
1412 3031 1759 3102 Moesom'coe,
1788 3049 1926 3109 quas
1957 3027 2249 3089 effundere
2273 3026 2424 3087 sole-

629 3147 765 3208 bant
811 3146 1212 3206 cavillationeS.
1254 3146 1465 3205 Maeson
1523 3143 1897 3221 effingebatur
1955 3141 2137 3219 niger,
2193 3139 2423 3213 calvuS,

698 3421 712 3447 ¹
750 3417 859 3467 vid.
887 3416 1084 3480 Grysar.
1113 3416 1266 3475 circ.,
1297 3430 1345 3479 p.
1377 3415 1441 3463 70
1464 3429 1531 3465 ss,

698 3510 717 3536 ²
754 3506 807 3555 L.
834 3505 956 3566 xlv,
983 3521 1034 3569 p.
1064 3505 1179 3553 059.
