2800 4368
1140 302 1456 362 „79-

383 445 662 522 fnienses,
700 443 913 523 ingenii
948 444 1120 517 flore,
1169 462 1352 523 neque
1389 454 1506 506 tam
1537 445 1714 525 polito
1742 445 1899 521 cultu
1930 447 2188 509 subtilive

383 556 614 620 ..mentis
652 556 779 627 aciev
818 554 1161 628 eminuisse;
1203 564 1267 616 at
1307 556 1499 635 potius
1546 556 1606 616 in
1652 557 1913 637 quaedam
1950 554 2188 620 robusta

403 679 461 744 et
481 670 708 750 pingui,
734 670 904 751 paulo
924 678 1112 730 autem
1142 669 1447 758 crassiore,
1482 673 1681 731 natura
1706 671 2183 751 digna-erupisse,

402 791 675 844 caeterum
727 791 988 843 strenuos
1034 781 1354 860 laborisque
1382 791 1675 856 amantes3
1731 782 1802 842 ad
1837 783 1976 857 hoc,
2022 802 2186 844 com-

401 895 566 957 muni
593 895 690 956 illo
720 895 907 956 Graeci
934 894 1159 974 generis
1189 876 1324 954 ‘vitio
1350 894 1435 954 vel
1458 894 1745 974 imprimis
1772 895 2057 958 laborasse
2076 942 2090 969 ‚
2126 903 2192 955 ut

399 1009 472 1068 ad
505 1008 700 1070 dolum
739 1008 1010 1088 propensi
1049 1016 1278 1089 essent:
1318 1006 1467 1085 quod
1503 1006 1748 1067 maxime
1785 1007 2025 1081 videtur,
2065 1016 2186 1067 tum

401 1119 459 1179 in
512 1112 638 1181 {ritae
686 1119 1029 1198 quotidianae
1080 1138 1187 1179 usu
1216 1167 1229 1193 ‚
1282 1128 1406 1179 tum
1457 1119 1516 1178 in
1569 1119 1878 1180 extollenda
1931 1119 2186 1199 ipsorum

399 1234 913 1315 patriaenobilitate
948 1232 1252 1313 prodiisse.
1293 1234 1417 1294 Hoc
1450 1253 1614 1309 ver0,
1663 1234 1767 1295 etsi
1805 1234 1864 1294 in
1910 1232 2187 1295 mediocri

397 1346 619 1408 civitate
633 1347 859 1408 ridiculi
883 1348 1097 1426 aliquid
1113 1347 1427 1423 contrahit,
1451 1356 1643 1409 tamen
1669 1348 1922 1409 suaans
1936 1369 1995 1410 se
2017 1350 2191 1411 habet

396 1461 843 1523 excusationem.
884 1462 1167 1522 Praeterea
1212 1462 1438 1522 laudem
1477 1463 1783 1541 quamdam
1823 1481 1921 1524 eos
1955 1463 2186 1544 adeptos

392 1594 520 1636 esse
548 1574 969 1654 profitebimur,
1004 1574 1063 1633 in
1092 1575 1186 1635 illa
1215 1574 1494 1635 turbisac
1525 1575 1778 1635 caedibus
1800 1575 1964 1636 toties
1986 1577 2183 1638 funes-

397 1690 507 1748 tata
531 1687 757 1770 Graecia
790 1687 1286 1762 honestissimam,
1328 1686 1546 1748 scilieet
1584 1696 1648 1747 ut
1695 1687 1870 1748 animi
1910 1708 2182 1750 mansue-

384 1800 618 1862 tudine·
646 1808 815 1879 atque
878 1800 1234 1860 humanitate
1289 1799 1536 1861 maxime
1595 1802 1951 1862 excellerent.
2019 1802 2183 1872 Quod

383 1921 583 1974 *autem
611 1920 738 1973 non¹
763 1911 929 1973 dictis
958 1912 1091 1992 plus
1124 1912 1318 1974 minus
1354 1913 1428 1974 ad
1453 1913 1656 1975 falsum
1698 1915 2141 1977 accommodatis
2163 1964 2178 1989 ‚

266 2059 278 2063 ‹
347 2069 352 2071 >
384 2025 490 2085 sed
525 2024 649 2105 ipsa
683 2025 936 2086 historiae
965 2026 1077 2086 fide
1101 2026 1323 2087 nititur.
1397 2044 1399 2051 ’

473 2138 602 2199 Non
617 2139 871 2229 ¹multum
889 2139 1119 2218 quidem
1137 2141 1431 2202 Plutarchi
1447 2142 1459 2170 ¹
1482 2142 1907 2203 narratiuncula
1938 2145 2179 2224 quadam

390 2252 620 2334 probari
655 2254 1097 2329 contenderim.
1122 2264 1185 2315 ut
1221 2256 1290 2315 ad
1325 2265 1581 2336 tempora
1616 2258 1772 2318 valde
1813 2259 2042 2338 antiqua
2073 2280 2179 2320 nec

371 2364 530 2441 'satis'
571 2365 774 2426 fabulis
821 2366 1077 2446 expedita
1127 2367 1467 2446 pertinente.
1533 2368 1732 2447 Neque
1783 2378 1974 2431 tamen
2031 2371 2178 2432 hanc

389 2480 676 2556 omittam,
725 2501 903 2560 quum
944 2483 1096 2544 haud
1132 2482 1488 2545 invenustam
1526 2484 1698 2564 primi
1750 2465 1858 2546 aevi-
1899 2505 2173 2560 morum,

329 2622 337 2635 ·
389 2593 583 2672 quales
603 2592 711 2654 sibi
728 2594 909 2674 magis
931 2595 1157 2656 finxerit
1172 2596 1376 2676 aliquis
1402 2617 1574 2676 quam
1597 2597 1838 2673 noverit,
1866 2598 2176 2678 imaginem

387 2705 681 2786 exprimat.
723 2706 945 2787 Nempe
966 2727 1144 2787 quum
1168 2708 1447 2770 Corinthii
1472 2711 1623 2790 apud
1650 2711 2030 2791 MegarenseS‚
2062 2731 2175 2790 quo

385 2815 605 2879 facilius
639 2837 735 2879 eos
769 2817 1193 2902 opprimerent,
1238 2822 1452 2883 bellum
1477 2823 1639 2884 civile
1661 2823 1933 2884 suscitare
1957 2823 2175 2884 valuis—

386 2910 543 3007 sent}
577 2951 668 2994 res
690 2932 835 2993 mira
857 2953 1041 3013 neque
1065 2934 1201 2996 alias
1225 2955 1479 3015 unquam
1507 2937 1694 2998 audita
1719 2937 1944 2998 accidit.
1977 2937 2021 2996 A
2049 2938 2170 2998 Me-

380 3044 747 3123 garensibus,-
785 3046 917 3107 licet
950 3066 1163 3108 manus·
1189 3060 1586 3126 consererent,
1627 3069 1742 3111 non
1773 3059 1965 3111 tamen
1998 3070 2167 3125 seem,

386 3157 516 3232 sed,
566 3167 631 3219 ut
672 3157 748 3227 ita
786 3161 1002 3236 dicam,
1052 3162 1167 3222 leni
1207 3163 1385 3224 Marte
1437 3164 1770 3225 dimicatum
1817 3174 1919 3226 est.
1974 3165 2171 3243 Neque

385 3270 539 3331 enim
575 3290 829 3351 unquam
857 3275 1053 3336 damni
1081 3275 1402 3355 quidquam>
1423 3277 1803 3355 agricolarum
1826 3277 1972 3340 arvis
2010 3277 2162 3337 infe-

416 3494 418 3499 *
453 3519 468 3546 ¹
505 3482 595 3575 Qu..
624 3533 701 3583 gr.
723 3555 735 3578 ‚
766 3533 817 3581 p.
846 3519 962 3568 185.
988 3521 1094 3571 vol.
1128 3522 1175 3570 7.
1203 3521 1285 3570 ed.
1312 3521 1475 3570 Reisk.
