2800 4368
1329 343 1407 352 —·
1449 307 1568 368 104
1610 345 1686 352 —-

611 453 846 514 omnino
877 451 999 511 sine
1022 450 1240 510 ratione
1267 451 1563 511 scientiam
1587 459 1847 511 constare
1869 474 1882 526 ;
1910 452 2158 532 denique
2179 474 2360 516 unum
2380 503 2396 529 ‚

609 584 837 644 semper
865 563 1017 624 idem
1042 572 1208 642 atque
1232 563 1584 625 immutabile
1619 583 1742 625 esse
1761 565 2168 645 quodcumque
2198 586 2398 629 verum
2443 623 2445 625 ,

609 699 675 739 ac
703 679 921 738 bonum
955 676 1079 738 sit¹.

691 791 829 861 Quae
853 791 900 851 si
928 791 1096 871 plane
1123 801 1179 852 et
1208 793 1357 853 clare
1379 792 1647 871 Megarici
1677 792 2133 873 perspexissent,
2173 793 2397 860 nullum

608 905 757 985 apud
787 913 1002 965 veteres
1032 905 1509 986 philosophorum
1540 926 1754 967 nomen
1779 907 1997 987 majore
2031 906 2197 966 laude
2225 923 2398 967 orna-

607 1028 730 1079 tum
782 1018 1102 1080 effulsisset.
1162 1020 1379 1080 Verum
1428 1039 1545 1080 non
1594 1021 1666 1081 ita
1717 1029 1833 1095 est,
1885 1035 2071 1100 neque
2118 1019 2402 1081 veteribus

608 1132 868 1193 simulac
897 1132 1312 1194 recentioribus
1350 1132 1509 1193 litem
1543 1134 1835 1195 intendam
1858 1183 1872 1209 ,
1914 1134 2066 1213 quod
2094 1133 2404 1214 Megarico-

609 1266 739 1306 rum
790 1265 960 1307 nemo
1009 1257 1093 1308 est
1133 1246 1230 1326 qui
1280 1247 1478 1307 eadem
1528 1251 1639 1327 qua
1672 1249 1869 1324 Plato,
1924 1248 2256 1310 Aristoteles
2307 1257 2404 1309 aut

608 1361 779 1421 etiam
821 1362 1006 1436 Zeno,
1061 1361 1210 1420 fama
1246 1361 1485 1421 fruatur.
1522 1360 1688 1432 Quod
1718 1363 1874 1423 enim
1910 1363 2041 1443 jure
2086 1383 2153 1424 ac
2195 1362 2401 1424 merito

606 1475 821 1535 factum
852 1483 973 1549 est3
1008 1493 1142 1534 nam
1161 1522 1176 1549 ‚
1215 1474 1436 1553 quoties
1464 1475 1677 1554 grande
1714 1475 1927 1555 aliquid
1956 1485 2041 1536 est
2069 1475 2363 1538 inventum
2383 1525 2398 1552 ,

608 1590 656 1650 is
691 1607 809 1648 non
840 1587 1051 1669 injuria
1073 1607 1202 1648 vere
1226 1597 1425 1649 auctor
1455 1589 1796 1666 celebratur,
1839 1590 2006 1670 cujus
2046 1589 2276 1668 ingenio
2314 1609 2403 1650 res

609 1706 892 1766 intellecta
940 1704 1177 1765 omnino
1220 1714 1276 1766 et
1322 1705 1629 1786 explicata,
1683 1715 1796 1767 tota
1836 1705 2134 1766 communi
2177 1705 2404 1767 utilitati

610 1820 813 1882 tradita
850 1829 954 1881 est.
994 1819 1119 1880 Hoc
1155 1823 1551 1883 tantummodo
1588 1821 1982 1895 attendamUS,
2034 1823 2099 1881 ea
2134 1839 2239 1881 nos
2279 1821 2404 1900 lege

611 1934 920 2014 procedere
946 1933 1139 1995 solitos
1161 1982 1175 2008 ,
1216 1943 1281 1994 ut
1310 1954 1607 2014 nunquam
1638 1943 1896 2014 optatum
1925 1934 2102 1994 finem
2129 1952 2246 1994 uno
2273 1933 2407 1996 satis

611 2057 765 2108 recto
812 2047 1107 2127 validoque
1147 2047 1367 2128 impetu
1406 2048 1557 2108 ultro
1597 2066 2007 2127 assequamur;
2047 2047 2174 2122 sed,
2211 2047 2406 2129 prius-

611 2180 783 2241 quam
823 2159 1058 2236 veritaS,
1092 2160 1254 2240 quasi
1291 2161 1588 2238 fecundata
1607 2209 1622 2236 ,
1674 2159 1734 2219 in
1762 2160 1974 2220 florum
2003 2160 2410 2239 fructuumque

610 2276 895 2338 luxuriam
932 2276 1155 2350 evadat,
1203 2276 1543 2355 plerumque
1570 2274 1707 2335 hino
1741 2274 1875 2335 inde
1899 2273 2097 2335 nescio
2124 2291 2237 2353 quo
2275 2290 2414 2333 casu

612 2390 801 2471 spargi
830 2389 982 2451 velut
1019 2389 1281 2469 quaedam
1319 2389 1443 2469 ejus
1478 2388 1726 2463 semina,
1761 2388 1890 2469 plus
1927 2386 2123 2447 minus
2146 2392 2412 2463 accurate

612 2515 668 2567 et
695 2505 933 2566 feliciter
961 2504 1242 2585 deprensa
1269 2504 1622 2583 excultaque.
1656 2505 1738 2564 Ea
1770 2502 1842 2564 sit
1871 2502 2068 2563 saltem
2091 2499 2410 2580 Megarico-

612 2640 744 2682 rum
760 2619 960 2700 gloria‚
978 2618 1129 2698 quod
1144 2637 1367 2698 magnae
1393 2617 1642 2678 veritatis
1665 2618 1827 2698 plura
1852 2615 2070 2677 semina
2095 2614 2414 2695 deprehen-

614 2735 821 2795 derunt
849 2742 905 2793 et
929 2733 1334 2808 excoluerunt,
1358 2732 1498 2793 citra
1528 2741 1719 2793 tamen
1750 2733 1920 2793 flores
1949 2740 2005 2792 et
2032 2731 2249 2791 fructus
2279 2750 2290 2788 :
2330 2727 2413 2789 sio

615 2847 785 2909 etiam
815 2866 932 2908 non
962 2846 1274 2908 minimum
1305 2847 1480 2907 decus
1503 2865 1788 2907 meruere.

683 3102 695 3129 ¹
736 3099 932 3158 Henne,
962 3114 1012 3162 p.
1042 3100 1157 3148 246.
