2800 4368
1031 344 1345 405 ...67—

292 488 553 574 γοῦντας);
598 487 674 549 ita
715 497 779 549 ut
804 488 887 549 eis
923 487 1069 547 mire
1098 486 1434 547 conveniant
1447 485 1573 546 haec
1594 484 1891 546 Menandri
1911 485 1926 515 ¹
1956 503 2082 548 car-

292 601 447 662 mina
489 621 502 659 :
550 621 579 657 ((
606 600 719 660 Pax
775 598 1117 678 agricolam,
1158 597 1329 659 etiam
1382 597 1442 657 in
1477 597 1652 672 saxis,
1695 599 1841 660 bene
1871 598 2080 673 nutrit3

166 746 170 753 ι
246 710 247 715 ’
293 712 508 774 bellum
542 719 761 786 autem,
795 711 966 771 etiam
1000 710 1059 769 in
1083 708 1315 790 planitie
1335 757 1349 784 ,
1388 709 1557 784 male,

803 879 953 940 Εἰρήνη
976 871 1154 939 γεωργὸν
1179 874 1254 920 κᾶν
1278 875 1449 937 πέτραις

603 969 747 1030 Τρέφει
769 968 899 1018 καλῶς
923 984 934 995 ·
954 966 1124 1028 πόλεμος
1147 962 1192 1008 δὲ
1223 965 1296 1009 κᾶν
1319 961 1445 1025 πεδίῳ
1469 970 1616 1014 κακῶς.
1630 981 1648 1006 ))

379 1133 625 1194 Proinde
660 1150 775 1192 non
799 1132 983 1191 solum
1010 1130 1161 1190 unde
1184 1128 1292 1189 sibi
1329 1128 1542 1191 victum
1572 1131 1930 1207 sufficerent,
1961 1132 2084 1192 fru-

297 1256 557 1309 mentum
579 1245 901 1317 metebant,
934 1242 1031 1304 sed
1069 1241 1240 1302 etiam
1270 1243 1421 1304 unde
1446 1244 1756 1305 venderent
1770 1244 2089 1307 Athenien—

298 1358 456 1421 sibus
490 1355 531 1414 2.
578 1356 623 1415 E
687 1354 974 1414 frumento
1031 1354 1272 1414 contrito
1329 1354 1537 1416 nobilis
1580 1356 1738 1416 aliea
1793 1356 2084 1440 (χόνδρος),

297 1489 476 1550 genus
510 1468 795 1548 quoddam
828 1466 1075 1547 potionis
1095 1516 1109 1542 ‚
1155 1467 1394 1546 Megarae
1435 1469 1742 1548 parabatur
1764 1472 1805 1530 ³.

379 1582 455 1642 Ut
490 1579 639 1659 agris
676 1577 961 1653 colendiS‚
995 1578 1071 1639 ita
1102 1579 1369 1639 curandis
1400 1598 1575 1641 suum
1599 1581 1619 1607 ‘²
1655 1601 1721 1642 ac
1775 1585 2093 1666 praesertim

301 1694 498 1755 ovium
533 1691 837 1772 pecoribus
878 1690 1082 1750 intenti
1136 1700 1296 1758 erant
1331 1691 1710 1770 Megarenses.
1756 1694 1839 1756 De
1887 1697 2095 1774 quibus

306 1814 508 1866 notum
548 1803 690 1863 illud
746 1801 1018 1879 Diogenis
1052 1801 1384 1877 dicterium,
1427 1803 1553 1882 qui,
1606 1805 1855 1883 pecudes
1893 1826 2095 1869 eorum

302 1914 507 1980 videns
519 1910 762 1992 pellibus
784 1909 1009 1970 vestitas
1027 1958 1041 1984 ‚
1075 1928 1285 1990 pueros
1314 1919 1504 1971 autem
1537 1915 1722 1974 nudos
1751 1935 1762 1972 :
1808 1936 1836 1972 c<
1863 1915 2054 1976 Malim
2077 1961 2091 1988 ,

289 2025 521 2105 inquit,
566 2021 912 2102 Megarensis
947 2021 1094 2082 aries
1124 2042 1246 2083 esse
1283 2043 1456 2102 quam
1499 2024 1652 2086 filius
1692 2026 1731 2084 ⁵.
1763 2049 1791 2084 »

383 2135 574 2197 Cereri
635 2134 898 2222 opiferae,
930 2140 1240 2217 Μαλοφόρῳ,
1303 2136 1454 2216 apud
1514 2136 1766 2198 Nisaeam
1814 2142 2096 2221 templum

303 2252 475 2314 fuisse
517 2257 797 2312 sacratum
826 2249 947 2329 jam
994 2247 1130 2309 alii‘*3
1187 2249 1725 2311 animadverterunt.
1775 2253 1857 2312 Ex
1905 2255 2096 2317 ovium

304 2365 431 2426 lana
483 2359 801 2423 vestimenti
861 2361 1144 2439 quoddam
1220 2381 1400 2440 genus
1423 2409 1437 2435 ,
1511 2367 1717 2442 ἐξωμίδα
1745 2412 1758 2439 ,
1856 2365 2095 2446 Megarae

305 2474 713 2548 fabricabatur,
745 2470 854 2532 vile
880 2521 894 2547 ,
923 2476 1037 2533 una
1063 2474 1286 2534 manica
1317 2474 1689 2551 instructum,
1724 2478 1874 2556 quod
1896 2479 2092 2539 humi-

305 2586 462 2648 lioris
495 2584 711 2646 ordinis
735 2584 998 2645 homines
1028 2595 1125 2646 aut
1148 2585 1292 2646 servi
1329 2586 1567 2647 induere
1608 2589 1899 2649 solebant⁷
1929 2613 1943 2664 3
1987 2610 2091 2651 ne-

306 2721 415 2782 que
443 2700 689 2760 multum
722 2697 996 2759 dissimile
1046 2701 1236 2761 forsan
1270 2718 1562 2764 κατωνακῶν
1589 2702 1815 2789 illarum
1857 2704 1925 2764 de
1961 2705 2091 2783 qui-

376 2927 391 2954 ¹
428 2923 486 2973 E.
510 2923 768 2994 Menandr.
795 2922 972 2972 Gnom.
1001 2923 1050 2971 6.
1079 2923 1159 2972 ed.
1188 2923 1412 2973 Boisson.

375 3014 395 3040 ²
430 3011 686 3075 Aristoph.
711 3010 926 3061 Acharn.
958 3025 1003 3059 v.
1034 3010 1148 3059 758.
1202 3075 1204 3078 Ι

377 3102 395 3127 ³
430 3098 608 3148 Athen.
635 3097 723 3158 111,
750 3099 801 3161 p.
827 3097 947 3146 489.
974 3097 1055 3146 ed.
1083 3096 1367 3162 Schweigh.

374 3188 396 3214 ⁴
429 3185 646 3249 Polyaen.
671 3183 887 3251 Stratag.
912 3183 994 3244 IV,
1021 3184 1082 3242 6,
1125 3186 1174 3233 5.
1201 3184 1384 3233 AElian.
1413 3183 1601 3235 Histor.
1642 3186 1795 3236 anim.
1819 3187 1949 3247 XVI,
1976 3189 2060 3238 56.

377 3276 396 3303 ⁵
430 3273 640 3339 Diogen.
668 3273 830 3323 Laert.
857 3273 936 3333 IV,
963 3274 994 3321 2
1011 3309 1024 3329 ,
1051 3273 1135 3321 41.
1162 3272 1345 3322 AElian.
1372 3272 1488 3335 Vtar.
1516 3273 1642 3324 Hist.
1668 3275 1754 3324 XII
1771 3314 1786 3335 ‚
1815 3277 1896 3326 55.

377 3363 397 3390 ⁶
433 3361 770 3427 Reinganum,
797 3359 893 3410 Das
915 3361 1015 3410 alte
1031 3360 1274 3425 Megaris,
1299 3375 1354 3424 p.
1381 3360 1466 3410 46.
1482 3361 1727 3427 Forbiger
1751 3364 1802 3413 in
1820 3364 2091 3429 Encyclop.

315 3450 455 3499 Real.
483 3434 625 3500 artic.
652 3447 884 3514 Megaris.

386 3541 404 3569 ⁷
438 3537 605 3588 Schol.
632 3536 890 3600 Aristoph.
913 3536 1115 3607 Lysistr.
1145 3551 1191 3586 v.
1219 3536 1335 3584 665.
1364 3537 1517 3600 Vesp.
1551 3552 1599 3588 v·
1625 3539 1741 3587 444.
