2800 4368
0 102 9 142 ἱ
32 167 35 173 i

0 151 23 354 ἑ
1024 281 1101 289 -
1146 244 1215 303 21
1265 280 1343 288 —-
1393 309 1400 315 ,

0 358 8 386 ⁸
154 373 158 378 ’
290 407 489 450 nexam
506 406 627 448 esse
642 387 763 466 jam
787 405 956 466 supra
979 386 1438 446 animadversum
1459 395 1561 446 est.
1586 387 1746 447 Unde
1766 403 2070 447 commune

286 502 550 563 adversus
604 498 852 558 Minoem
903 497 1116 558 bellum
1135 546 1150 571 ,
1176 564 1180 567 ,
1214 497 1537 558 communis
1593 498 1856 578 imposita
1907 497 2069 557 victis

286 592 535 674 conditio
573 633 583 669 :
640 630 772 671 nam
829 610 1182 689 Megarenses
1220 589 1546 671 ‘humanum
1594 610 1734 670 illud
1790 610 2069 670 tributum

283 725 494 806 pariter
546 726 760 786 solvere
795 723 986 802 jussos
1007 771 1020 795 ,
1079 723 1368 801 filiamque
1407 722 1663 782 Alcathoi
1716 723 2070 782 Periboaeam

283 839 453 901 simul
475 848 642 919 atque
664 839 950 898 Theseum
972 837 1030 896 in
1055 835 1276 896 Cretam
1299 835 1533 896 missam
1553 854 1674 895 esse
1694 835 2065 896 tradebatur¹.

281 952 407 1013 Jam
429 971 559 1012 vero
591 951 729 1031 ipsis
753 949 1048 1029 Megaricis
1078 947 1364 1008 littoribus
1390 947 1596 1008 Thesei
1617 947 1849 1025 vestigia
1870 995 1883 1021 ,
1910 947 2068 1007 Troe-

280 1083 417 1125 zene
437 1063 688 1124 Athenas
714 1063 922 1137 euntis,
951 1062 1229 1141 impressa
1257 1059 1461 1135 fuisse,
1497 1078 1667 1119 nemo
1707 1059 1823 1118 fere
1856 1068 1940 1118 est
1972 1059 2068 1137 qui

280 1177 519 1238 nesciat.
550 1174 965 1255 Crommyoniae
997 1174 1152 1234 enim
1178 1173 1308 1233 Suis
1343 1172 1708 1251 Scironisque
1738 1171 2067 1232 nominibus

280 1287 422 1347 nihil
458 1286 735 1366 vulgatius
764 1295 867 1347 est.
907 1284 1089 1364 Atque
1126 1285 1195 1344 de
1234 1285 1345 1343 hoc
1379 1284 1550 1344 etiam
1579 1292 1899 1343 memoratu
1934 1281 2068 1359 dig-

278 1417 418 1458 num
441 1406 558 1472 est,
584 1398 940 1476 Megarenses
963 1398 1229 1457 adversus
1246 1396 1537 1474 vulgarem
1553 1396 1760 1455 famam
1779 1403 2067 1455 certamen

275 1509 469 1571 iniisse
485 1558 498 1584 ‚
537 1529 644 1570 nec
674 1509 911 1570 feliciter
934 1509 1164 1587 quidem
1187 1557 1205 1583 ,
1235 1528 1414 1587 quum
1440 1508 1626 1568 omnis
1651 1508 1916 1568 adversus
1936 1507 2065 1567 talia

275 1631 626 1695 commenta,
669 1631 967 1702 postquam
1005 1630 1260 1701 tempore
1288 1621 1658 1695 invaluerint,
1693 1621 1888 1699 iniqua
1915 1640 2056 1682 con-

277 1735 451 1796 tentio
496 1736 586 1797 sit.
640 1735 861 1814 Nempe
895 1734 1191 1794 Scironem
1236 1735 1374 1794 adeo
1419 1753 1536 1793 non
1574 1734 1851 1794 latronem
1892 1734 2063 1795 fuisse

274 1849 664 1922 affirmabant,
703 1857 767 1908 ut
813 1856 1041 1921 contra,
1088 1847 1518 1908 latrociniorum
1562 1866 1888 1927 repressor,
1928 1868 2061 1908 cum
2109 1849 2111 1852 ’

266 1960 600 2042 justissimis
648 1960 781 2020 viris
830 1960 1078 2021 amicitia
1134 1969 1189 2020 et
1250 1960 1666 2022 necessitudine
1721 1962 2059 2041 conjunctus

272 2074 469 2136 fuisset
501 2096 511 2132 :
543 2074 753 2154 quippe
785 2073 1026 2154 Cychrei
1049 2073 1371 2148 Salaminii,
1403 2075 1485 2134 vel
1512 2093 1616 2155 pro
1638 2075 1755 2135 Deo
1783 2075 1854 2136 ab
1876 2075 2054 2137 Athe-

270 2187 565 2248 niensibus
589 2186 788 2260 habiti,
822 2206 1016 2265 gener,
1046 2195 1286 2276 etxsocer
1307 2186 1514 2247 AEaci2.
1547 2187 1612 2247 In
1639 2207 1704 2248 eo
1734 2209 2056 2268 quanquam

269 2301 526 2362 dubitare
582 2301 714 2361 licet
771 2320 911 2361 num
960 2301 1208 2361 multum
1259 2302 1603 2380 profecerint
1651 2298 2008 2383 Megarenses
2036 2354 2050 2380 ,

269 2432 448 2493 quum
473 2413 533 2472 in
570 2413 752 2473 vicem
787 2412 869 2473 rei
903 2413 1050 2472 fictae
1080 2413 1314 2474 dubiam
1339 2432 1461 2473 rem
1492 2415 1796 2476 succedere
1824 2417 2047 2490 vellent,

269 2519 419 2585 certe
452 2544 681 2603 aequum
710 2533 794 2584 est
820 2525 978 2585 fateri
1013 2526 1164 2585 haud
1192 2525 1400 2605 injuria
1425 2545 1520 2587 eos
1546 2527 1866 2607 indignatos
1896 2549 2047 2604 esse,

265 2639 416 2719 quod
451 2640 510 2698 in
544 2657 779 2724 avorum
828 2639 1073 2701 dedecus
1118 2639 1421 2701 immeritis
1463 2641 1881 2721 imputarentur
1924 2663 2048 2722 quae

267 2772 333 2814 ex
361 2753 611 2833 ,regionis
649 2757 849 2814 natura
880 2754 1215 2815 Graecorum
1257 2755 1551 2835 ingenium
1587 2757 1842 2818 videatur
1878 2757 2044 2817 effin-

0 2890 6 2919 >
88 2855 90 2858 ⁵
265 2867 430 2928 xisse.
457 2867 600 2927 Sunt
628 2858 781 2927 enim
811 2887 981 2947 rupes
998 2916 1011 2942 ‚
1037 2887 1176 2947 quas
1202 2869 1339 2928 olim
1363 2869 1564 2930 Sciron
1591 2870 1819 2930 infestas
1841 2869 2040 2929 fecisse

255 2981 491 3070 dicitur,
523 2982 763 3044 transitu
797 3002 1073 3062 perquam
1108 2983 1396 3070 difficileS‚
1440 3004 1590 3065 saepe
1635 3005 1737 3066 per
1771 2985 1908 3045 tales
1937 3004 2042 3044 an-

263 3095 474 3174 gustias
519 3084 751 3156 tramite*
770 3096 940 3157 ducto
957 3147 970 3172 ,
1011 3106 1073 3158 ut
1100 3097 1190 3159 vix
1218 3098 1455 3177 singulis
1486 3099 1729 3160 sufficiat
1751 3097 2039 3171 euntibuS‚

0 3102 11 3155 l

0 3175 24 3359 ἓ
329 3289 795 3348 1Paus.1‚42,1.

0 3360 23 3473 i*
326 3383 344 3408 2
370 3379 617 3430 Plutarch.
646 3379 792 3429 Thes.
820 3381 878 3440 9,
910 3382 991 3429 10.
1021 3381 1161 3431 mod.
1190 3381 1286 3431 Sic.
1317 3382 1393 3442 IV,
1424 3381 1503 3431 59.
1536 3380 1703 3431 strab.
1730 3379 1823 3440 lx,
1846 3395 1895 3444 p.
1924 3381 2038 3429 591.

262 3466 401 3516 PauS.
431 3467 477 3528 1,
504 3468 567 3515 44
589 3500 602 3522 ‚
630 3466 710 3513 12.
