2800 4368
1321 331 1399 339 -—-
1441 294 1560 353 106
1602 329 1680 338 ——

604 443 1043 520 lumnarumque
1064 457 1305 501 numero
1335 438 1714 518 conspicuum
1752 437 1765 463 ¹
1803 436 2195 497 aedificaverat.
2227 436 2392 498 Reli-

603 556 771 635 gione
818 563 1034 615 sacrata
1085 562 1280 628 erant,
1326 550 1633 632 Gymnasio
1677 559 1732 611 et
1779 550 2060 630 Prytaneo
2105 550 2352 632 exceptis
2381 594 2396 618 ‚

607 677 809 729 caetera
831 667 1023 728 omnia
1060 685 1439 746 quaecumque
1468 674 1752 725 memorat
1797 673 2173 725 monumenta
2192 707 2207 732 ‚
2233 683 2266 724 a
2299 683 2400 724 ve·-

607 781 845 841 nerabili
878 781 973 843 illo
1005 781 1225 842 Cereris
1250 781 1483 858 Meyaro
1512 798 1695 859 usque
1722 778 1791 839 ad
1816 777 2129 858 Iphigeniae
2158 778 2404 856 heroum

607 895 890 975 permulta
941 896 1270 976 complexus
1293 894 1334 954 ².
1379 894 1639 965 Quorum
1671 893 1893 972 singula
1929 891 2125 971 quanti
2149 879 2406 952 facienda

607 1007 838 1083 fuerint,
863 1027 1048 1088 neque
1071 1009 1355 1070 affirmare
1367 1028 1552 1087 neque
1571 1007 1742 1068 etiam
1759 1006 2045 1086 conjicere
2060 1005 2120 1064 in
2134 1011 2406 1085 promptu

603 1127 692 1179 est
725 1140 737 1178 :
781 1118 869 1178 vix
896 1130 1088 1181 tamen
1109 1121 1355 1181 dubitari
1393 1129 1578 1201 potest
1600 1120 1738 1200 quin
1764 1119 2024 1179 omnium
2055 1116 2408 1198 splendidis-

609 1233 822 1294 simum
851 1235 1021 1307 fuerit
1049 1234 1430 1315 Olympieum.
1470 1235 1552 1296 De
1589 1234 1810 1296 caeteris
1842 1233 2073 1315 templis
2098 1232 2244 1292 nihil
2271 1251 2401 1293 cer-

609 1356 733 1407 tum
753 1369 767 1420 3
809 1367 993 1426 neque
1028 1348 1339 1428 quidquam
1383 1351 1453 1411 de
1484 1367 1685 1409 eorum
1722 1346 2117 1427 magnitudine
2150 1345 2404 1407 inferen-

610 1460 749 1523 dum
783 1473 868 1525 est
901 1484 967 1525 ex
1001 1482 1068 1525 eo
1097 1465 1248 1544 quod
1283 1465 1463 1526 multa
1519 1463 1717 1526 statuis
1776 1465 1904 1544 plus
1937 1464 2134 1524 minus
2179 1460 2404 1524 eximiis

612 1585 808 1638 ornata
838 1587 1033 1653 erant,
1083 1598 1264 1658 quum
1295 1579 1544 1640 sciamus
1580 1598 1732 1660 saepe
1759 1578 1820 1638 in
1866 1577 2125 1638 minimis
2148 1574 2411 1637 sacrariis

613 1691 886 1753 collocata
942 1692 1116 1754 fuisse
1162 1695 1672 1756 celeberrimorum
1735 1692 2023 1755 artificum
2075 1709 2269 1771 opera.
2324 1687 2412 1750 Ne

529 1834 532 1837 *
611 1804 727 1865 ullo
757 1805 987 1884 quidem
1017 1807 1251 1868 nomine
1274 1806 1584 1869 Pausanias
1606 1807 1788 1867 aedem
1815 1805 2028 1866 indicat
2042 1804 2101 1863 in
2119 1805 2226 1883 qua
2246 1802 2411 1882 plura

615 1919 847 1999 Lysippi
885 1919 1045 1999 signa
1075 1920 1580 2001 conspiciebantur
1615 1921 1656 1979 ³.

695 2032 835 2093 Haec
867 2042 1274 2109 monumenta,
1313 2034 1752 2113 qualiacumque
1789 2034 1945 2094 fuere
1971 2081 1986 2107 ‚
2039 2050 2246 2113 parum
2276 2030 2411 2111 pic-

614 2149 777 2221 tura,
834 2146 998 2226 cujus
1053 2147 1207 2207 nulla
1262 2167 1507 2227 usquam
1544 2147 1760 2208 mentio
1799 2148 1898 2223 fit,
1947 2147 2195 2207 maxime
2221 2154 2416 2208 autem·

617 2260 869 2339 fingendi
905 2269 1023 2321 arte
1049 2260 1221 2322 fuisse
1275 2262 1539 2322 decorata
1574 2261 1860 2322 videntur.
1905 2260 2045 2331 Quae
2073 2260 2146 2321 ab
2192 2258 2415 2340 origine

615 2376 767 2455 apud
821 2375 1178 2455 Megarenses
1226 2377 1287 2436 in
1351 2377 1570 2437 honore
1614 2377 1739 2438 fuit.
1792 2374 2056 2450 Etenim,
2097 2395 2170 2436 ne
2220 2376 2417 2456 plures

616 2490 833 2570 ligneas
885 2498 1093 2551 statuas
1127 2478 1335 2571 (ξόανά)
1357 2539 1371 2566 ,
1413 2499 1644 2551 vetustae
1675 2480 1968 2570 religionis
2020 2490 2209 2570 potius
2242 2508 2416 2570 quam

616 2602 754 2664 artis
813 2612 1217 2679 monumenta,
1270 2623 1700 2679 memoremus,
1755 2604 1959 2666 fatetur
1999 2603 2312 2665 Pausanias
2356 2623 2417 2665 se

617 2739 901 2799 nusquam
938 2730 1056 2781 tam
1089 2719 1319 2800 antiqua
1356 2740 1387 2781 e
1428 2721 1614 2801 lapide
1649 2720 1808 2799 signa
1835 2718 2068 2795 vidisse,
2097 2738 2270 2799 quam
2287 2737 2415 2798 quae

619 2834 679 2895 in
704 2835 929 2919 Coroebi
953 2835 1145 2896 herois
1181 2835 1445 2915 sepulcro
1476 2836 1496 2861 ⁴
1526 2835 1816 2915 exsculpta
1840 2842 2021 2896 erant.
2049 2833 2419 2915 Scilicetipse

621 2919 915 3011 videbatur
951 2950 1220 3023 Poenam,
1267 2957 1591 3009 monstrum
1635 2949 1706 3009 ab
1763 2947 2028 3028 Apolline
2063 2947 2123 3008 in
2150 3026 2153 3029 s
2178 2947 2418 3028 Argivos

689 3176 704 3202 ¹*
740 3172 949 3221 Pausan.
975 3170 1030 3231 1,
1057 3171 1149 3230 40,
1180 3174 1226 3219 1.

685 3264 704 3288 ²
740 3260 857 3311 vid.
884 3274 997 3324 cap.
1024 3259 1072 3319 1,
1101 3267 1223 3309 sect.
1253 3259 1293 3307 11
1319 3259 1467 3322 hujus
1490 3258 1676 3321 operis.

686 3353 705 3379 ⁵
741 3350 885 3399 Faus,
912 3347 957 3409 1,
984 3348 1075 3408 40,
1103 3348 1166 3396 6.7

687 3442 706 3468 ⁴
746 3438 856 3488 Vid.
884 3453 996 3501 sup.
1047 3451 1157 3500 cap.
1206 3437 1250 3495 1,
1297 3438 1318 3499 ς
1342 3435 1388 3493 1,
1418 3450 1468 3498 p.
1496 3435 1580 3483 24.
1608 3435 1677 3485 De
1703 3434 1939 3494 Coroeb0,
1991 3434 2165 3499 argivo
2189 3433 2346 3483 heroe
2368 3439 2419 3481 et

618 3528 1024 3592 Tripodiscorum
1049 3525 1309 3576 conditore
1327 3561 1339 3585 ‚
1368 3526 1467 3576 vid.
1496 3525 1705 3575 Pausan.
1733 3522 1783 3583 1,
1808 3523 1903 3582 45,
1931 3523 1982 3570 7-
