2800 4368
822 169 859 209 s

1415 282 1493 291 ..
1536 246 1612 305 48
1658 283 1735 292 .-

676 398 790 473 tuta
818 397 915 449 aut
938 395 1150 447 mutata
1187 385 1430 460 fuerint,
1471 387 1656 447 notari
1695 388 1852 448 nullo
1890 398 2056 470 pacto
2082 401 2300 471 potest;
2346 394 2462 455 imo

675 504 844 564 etiam
888 518 1067 580 pauca
1108 499 1421 559 admodum
1463 499 1533 559 de
1582 499 1845 562 universa
1886 502 2181 582 republica
2222 507 2388 569 nobis
2431 527 2464 569 a

675 613 1051 694 scriptoribus
1076 611 1324 690 antiquis
1345 611 1548 672 tradita
1571 621 1722 672 sunt.
1756 612 2020 685 Attamen
2052 615 2109 675 id
2130 617 2296 679 nobis
2318 639 2462 680 con-

671 729 797 817 tigit
842 737 935 802 ut,
997 728 1107 806 qua
1152 735 1486 808 tempestate
1514 726 1860 788 vividissima
1890 729 2061 790 etiam
2104 731 2465 811 optimatium

673 841 939 922 superbia
964 839 1116 920 plebi
1138 840 1208 900 ad
1237 839 1556 900 libertatem
1580 841 1893 919 emergenti
1921 861 2072 921 aegre
2102 822 2460 923 concederet,

673 954 931 1034 egregius
968 963 1129 1034 poeta
1165 953 1451 1032 Theognis
1484 954 1554 1014 de
1595 954 1793 1034 patriae
1836 953 2109 1018 institutis
2133 966 2188 1017 et
2207 959 2468 1023 moribus

672 1072 935 1152 quaedam
958 1070 1123 1131 nobis
1145 1070 1572 1131 transmitteret.
1601 1071 1739 1140 Quae
1758 1070 1883 1150 jam
1907 1070 1965 1130 in
1990 1073 2467 1137 excellentissimo

672 1185 959 1247 Welckeri
999 1181 1202 1264 opere¹
1236 1182 1310 1242 ita
1347 1183 1579 1243 collecta
1611 1193 1744 1244 sunt
1780 1193 1836 1244 et
1868 1183 2171 1261 illustrata,
2224 1198 2288 1248 ut
2323 1190 2468 1251 mihi

672 1300 786 1360 fere
829 1298 972 1358 nihil
1018 1295 1170 1356 aliud
1210 1314 1380 1373 quam
1413 1314 1444 1355 e
1478 1298 1671 1374 parata
1720 1297 1956 1358 materia
2002 1299 2264 1377 quaedam
2292 1303 2465 1365 desu-

672 1411 877 1471 menda
905 1409 1037 1469 sint.
2356 1380 2361 1388 ἦ

709 1610 713 1614 .
753 1523 936 1593 Quam
983 1541 1139 1583 mera
1179 1531 1234 1582 et
1275 1522 1415 1582 dura
1454 1522 1525 1582 ab
1577 1522 1797 1601 origine
1833 1522 2187 1584 aristocratia
2228 1526 2467 1605 Megarae

672 1637 841 1698 fuerit
859 1687 872 1712 ,
900 1637 985 1697 vel
1015 1656 1080 1696 ex
1104 1654 1170 1696 eo
1193 1635 1554 1695 inferendum
1576 1685 1590 1710 ,
1618 1635 1766 1714 quod
1792 1635 2080 1714 Theognis
2097 1685 2111 1710 ,
2140 1637 2262 1717 ipse
2289 1657 2465 1718 gene-

672 1769 802 1812 roso
836 1749 1111 1829 sanguine
1150 1757 1335 1820 ortuS‚
1369 1748 1508 1808 adeo
1538 1747 1788 1827 ingenua
1822 1747 1993 1808 etiam
2030 1758 2153 1810 tum
2184 1752 2468 1832 superbiae

671 1865 723 1923 vi
751 1865 977 1944 plebem
1005 1861 1300 1942 despiciat,
1343 1863 1408 1921 ea
1437 1848 1835 1941 nempe'aetate
1870 1865 1977 1941 qua
2004 1865 2328 1943 respublica
2350 1875 2468 1928 tam

671 1978 838 2056 longe
859 1977 932 2037 ab
962 1975 1140 2035 initiis
1176 1982 1440 2054 provecta
1460 1952 1581 2054 jam
1608 1994 1700 2035 res
1726 1993 1898 2035 novas
1919 1976 2305 2058 violentasque
2332 2000 2466 2041 mu—

670 2090 910 2151 tationes
961 2098 1188 2169 experta
1234 2087 1325 2148 sit.
1379 2086 1642 2160 Scilicet,
1699 2088 2183 2164 quemadmodum
2234 2091 2295 2150 in
2345 2092 2469 2154 aliis
2517 2124 2522 2128 ·

672 2204 1023 2283 regionibus,
1058 2202 1134 2263 ita
1157 2201 1217 2261 in
1247 2199 1554 2279 Megaride,
1584 2220 1613 2260 e
1642 2199 1905 2262 Doriensi
1935 2204 2310 2283 occupatione
2341 2206 2471 2266 vic-
2499 2200 2502 2204 ’

670 2326 822 2378 tores
864 2316 1111 2394 victique
1165 2314 1470 2375 exstitere:
1506 2332 1752 2392 quorum
1804 2315 2052 2393 posteri,
2105 2336 2137 2376 a
2184 2316 2471 2397 principio

672 2429 921 2504 discreti,
970 2428 1102 2489 belli
1131 2427 1262 2507 jure
1294 2427 1358 2486 in
1389 2427 1560 2502 civeS,
1588 2426 1748 2487 urbis
1792 2427 2029 2503 incolas,
2055 2418 2119 2489 ‘et
2147 2429 2208 2488 in
2243 2431 2472 2510 plebem

673 2544 943 2605 rusticam
979 2541 1266 2602 distributi
1303 2550 1455 2602 sunt.
1490 2540 1655 2600 Unde
1684 2540 1943 2609 ordines,
1986 2543 2215 2605 omissis
2253 2544 2429 2605 servis
2452 2594 2467 2620 ,

672 2659 784 2718 duo
810 2658 948 2739 (non
973 2658 1167 2737 plures
1191 2655 1477 2733 Theognis
1510 2654 1743 2735 indicat)
1778 2677 1788 2713 :
1829 2655 1961 2715 boni
1985 2655 2219 2738 (ἀγαθοί,
2253 2657 2467 2737 ἐσθλοί),

673 2781 728 2832 et
747 2772 892 2832 mali
934 2771 1141 2851 (κακοί,
1197 2767 1404 2847 δειλοί);
1456 2787 1582 2846 quae
1631 2769 1799 2828 verba
1841 2788 1872 2828 a
1907 2772 2073 2848 poeta
2102 2789 2266 2850 paene
2314 2791 2470 2831 nun-

673 2905 845 2964 quam
875 2905 1044 2946 sensu
1070 2882 1274 2943 morali
1300 2890 1673 2960 usurpantur.
1707 2881 1995 2941 Malorum
2017 2891 2209 2943 autem
2236 2884 2473 2945 nomine

673 2998 955 3078 designari
976 2997 1238 3057 videntur
1262 2994 1524 3057 homines
1555 2995 1670 3054 fere
1694 2994 1751 3053 in
1784 2995 2043 3055 eamdem
2074 2996 2472 3073 conditionem

674 3112 884 3172 redacti
907 3120 1073 3190 atque
1103 3109 1254 3190 apud
1275 3108 1410 3169 alias
1438 3107 1743 3170 Dorienses
1767 3117 1989 3187 genteS,
2025 3109 2268 3189 Sicyone
2295 3111 2472 3191 Cory-

673 3225 912 3308 nephori
942 3223 1293 3306 (Kopvimcpo'pot
1337 3243 1368 3283 a
1403 3225 1575 3303 κορύνη
1603 3221 1770 3300 fustis
1797 3271 1811 3298 ,
1877 3240 2141 3303 αἰχμηταῖς
2184 3225 2474 3288 nobilibus

743 3470 755 3495 ¹
796 3466 1156 3529 Prolegomena
1184 3464 1243 3512 ad
1271 3461 1635 3526 Theognidem.
