2800 4368
942 931 1277 1020 CAPUT
1330 932 1468 1018 IV.

674 1142 758 1201 DE
802 1142 1232 1202 MEeARENsmM
1274 1155 1415 1198 vrrA
1453 1153 1729 1198 PnlvA'rA.

1173 1371 1254 1387 h—-—-

555 1566 584 1646 ᾗ
617 1566 661 1624 1.
706 1566 790 1625 De
829 1585 1021 1625 corum
1055 1564 1403 1624 commerciis
1437 1573 1606 1643 atquc
1640 1563 1849 1644 opibus.

397 1739 560 1801 Unde
587 1758 724 1820 opes
758 1738 865 1799 sibi
894 1738 1254 1815 Megarenses
1284 1731 1687 1815 acquisiverint
1709 1736 1755 1797 si
1791 1737 2095 1816 quaeritur,

317 1853 569 1935 primum
619 1849 868 1911 occurrit
923 1849 1277 1909 maritimum
1337 1850 1755 1921 commercium
1775 1898 1789 1924 ‚
1849 1850 1941 1911 cui
2000 1868 2103 1931 per

287 1958 520 2057 ‘staeae
546 1966 939 2045 Pegarumque
967 1974 1165 2045 portus
1219 1966 1399 2026 maria
1437 1966 1554 2026 duo
1587 1967 1875 2046 patebant.
1917 1966 2102 2036 Quam

310 2057 613 2158 navigandi
648 2077 849 2158 peritia
871 2078 1123 2139 celebres
1143 2127 1158 2153 ‚
1197 2098 1367 2158 quam
1402 2080 1714 2140 multarum
1747 2078 2102 2140 coloniarum

317 2182 642 2253 conditores·
669 2192 880 2253 fuerint
912 2193 1299 2281 Megarenses,
1352 2193 1474 2273 jam
1531 2192 1815 2254 novimus.
1877 2192 2108 2254 Constat

275 2310 278 2312 ’
317 2322 415 2366 eos
431 2352 446 2380 ‚
481 2303 615 2365 licet
642 2323 673 2364 a
697 2303 983 2384 principio
1008 2304 1176 2365 vicini
1201 2304 1479 2384 AEginetae
1499 2354 1513 2380 ,
1541 2302 1916 2366 Athenienses
1939 2312 2105 2384 atque

319 2418 631 2494 Corinthii,
667 2427 765 2479 aut
787 2427 918 2479 arte
947 2427 1003 2479 et
1031 2418 1310 2480 industria
1336 2418 1602 2479 certando
1628 2467 1642 2493 ‚
1671 2427 1770 2479 aut
1793 2418 1963 2479 etiam
1990 2417 2105 2478 vim

316 2532 579 2594 infestam
613 2529 940 2604 inferend0‚
989 2532 1072 2594 eis
1098 2529 1454 2608 obstiterint,
1488 2530 1670 2593 navali
1699 2541 1972 2612 apparatu
1993 2532 2103 2590 flo-

319 2644 522 2706 ruisse.
562 2645 672 2706 Sed
709 2645 847 2707 illud
876 2647 989 2707 fato
1014 2664 1210 2706 rerum
1241 2641 1444 2719 evenit,
1476 2653 1540 2705 ut
1562 2693 1575 2720 ‚
1602 2653 1902 2726 postquam
1924 2642 2103 2703 Athe-

313 2751 545 2840 nienses
565 2757 874 2838 imperium
891 2778 993 2840 per
1021 2759 1199 2820 maria
1215 2779 1379 2840 paene
1399 2757 1689 2819 infinitum
1711 2758 2103 2838 prolatassent‚

278 2947 281 2950 Ι
321 2868 596 2945 maxime,
654 2879 717 2931 ut
772 2871 1202 2951 proximorum,
1247 2871 1767 2961 comprimerentur
1822 2868 2108 2930 maritima

321 2980 738 3061 Megarensium
767 2984 1135 3047 commercia.
1175 2985 1396 3064 Itaque,
1455 2985 1594 3045 dum
1645 2982 1883 3044 Athenae
1936 2982 2109 3043 totius

323 3095 559 3156 Graeciae
621 3092 888 3178 tanquam
959 3099 1283 3180 emporium
1333 3100 1546 3160 fiebant
1573 3147 1587 3174 ‚
1644 3098 1869 3178 Megara
1897 3147 1911 3173 ‚
1981 3115 2107 3176 quae

321 3224 430 3270 nec
460 3219 657 3290 portus
690 3220 950 3275 externos
991 3214 1004 3242 ¹
1057 3213 1258 3275 ditioni
1296 3212 1594 3294 subigere,
1634 3231 1742 3273 nec
1770 3210 2110 3290 longinquas

321 3323 573 3386 colonias
616 3345 732 3387 suae
762 3329 1079 3404 auctoritati
1106 3331 1352 3390 retinere
1382 3327 1632 3388 addictas
1656 3302 1954 3398 valuisset,
1988 3321 2108 3401 jam

387 3548 402 3575 ¹
440 3545 647 3596 Isocrat.
676 3547 710 3596 1.
739 3562 783 3597 e.
