2800 4368
1030 333 1383 392 —107-

331 472 573 538 missum
591 521 604 544 ,
632 475 981 536 interficiens
1011 498 1022 535 :
1045 477 1166 556 jam
1195 496 1323 536 vera
1341 476 1477 537 artis
1500 477 1827 537 exercendae
1855 477 2110 536 materia.

410 587 553 648 Item
584 587 755 648 etiam
783 607 814 647 a
851 588 1136 669 principio
1181 590 1335 650 aliud
1372 590 1679 669 sculpturae
1708 610 1918 668 genuS‚
1966 590 2117 670 apud

325 702 560 762 Graecos
614 700 1085 762 florentissimum
1112 751 1125 776 ‚
1186 701 1541 780 Megarenses
1607 707 1898 781 excepere.
1956 702 2116 762 Circa

328 814 485 875 enim
513 814 769 876 medium
817 814 956 874 sexti
993 815 1202 888 seculi,
1263 833 1442 892 quum
1478 815 1723 874 maxime
1771 814 1986 893 Spartae
2028 814 2114 873 vi-

325 936 484 1005 geret
507 927 519 955 ¹
543 975 557 1001 ,
598 928 885 1007 Magnesia
921 930 1179 1004 advecta,
1214 950 1305 989 ars
1339 929 1669 1003 toreuticae‚
1700 929 2113 990 Lacedaemonii

234 1046 236 1049 ’
326 1038 527 1100 Dontae
552 1049 733 1100 artem
762 1040 1174 1116 adhibuerunt,
1195 1044 1304 1121 qua
1335 1042 1529 1102 multae
1559 1050 1754 1102 statuae
1778 1062 1843 1102 ex
1863 1060 2001 1102 auro
2028 1062 2117 1103 ce-

325 1152 542 1232 droque
585 1154 970 1230 efficerentur.
1006 1155 1124 1215 Has
1168 1163 1363 1235 postea
1394 1155 1669 1237 Olympiae
1720 1156 1780 1215 in
1827 1156 2118 1216 Thesauro

327 1276 764 1342 consecrarunt,
821 1267 998 1328 cladis
1066 1268 1496 1330 Corinthiorum
1531 1278 1907 1329 monumento
1944 1268 1985 1328 ².
2034 1268 2118 1329 Ibi

326 1378 522 1439 statuis
539 1379 913 1459 effingebatur
927 1380 1191 1442 Herculis
1211 1381 1428 1443 facinus
1452 1381 1770 1450 Acheloum
1791 1382 2073 1443 vincentis
2102 1401 2114 1442 ε

324 1489 460 1551 huic
488 1490 666 1567 Mars,
705 1491 786 1550 illi
840 1492 1086 1553 Minerva
1131 1493 1538 1568 auxiliabatur3
1585 1494 1777 1555 aderat
1815 1502 1871 1554 et
1900 1493 2121 1573 Jupiter

326 1625 460 1666 cum
492 1606 775 1688 Dejanira.
811 1608 876 1668 In
904 1609 1123 1690 fastigio
1153 1610 1443 1690 exsculpta
1488 1619 1608 1670 erat
1645 1610 1897 1670 Deorum
1930 1628 2119 1689 pugna

324 1719 593 1782 adversus
613 1720 880 1799 Gigantes
901 1746 914 1797 3
946 1722 1006 1782 in
1029 1725 1139 1802 qua
1159 1722 1320 1784 facile
1343 1722 1682 1783 crediderim
1705 1741 1821 1782 non
1846 1721 2121 1782 omissum

326 1832 500 1893 fuisse
549 1835 818 1894 eumdem
845 1835 1154 1896 Herculem
1175 1884 1188 1910 ‚
1214 1835 1560 1896 ‘Doriensem
1588 1836 1781 1896 heroa.
1811 1835 1918 1896 Hic
1953 1835 2122 1896 etiam

323 1947 557 2008 affixum
594 1957 716 2008 erat
751 1958 978 2009 scutum
1028 1947 1089 2008 in
1127 1968 1239 2029 quo
1265 1950 1558 2028 legebatur
1587 1949 1940 2027 Megarenses
1966 1945 2123 2009 hunc

323 2059 684 2123 Thesaurum
721 2082 752 2123 e
793 2063 988 2143 spoliis
1020 2062 1400 2124 Corinthiacis
1435 2060 1795 2123 exstruxisse.

390 2173 591 2235 Artem·
605 2176 897 2237 toreuticae
917 2177 998 2236 sic
1015 2176 1291 2237 adscitam
1309 2175 1533 2254 Megara
1550 2194 1666 2235 non
1687 2176 1933 2255 neglexit
1955 2197 1967 2235 :
1989 2196 2122 2236 nam

323 2287 633 2349 Pausanias
655 2288 924 2350 Minervae
951 2291 1193 2351 statuam
1212 2339 1226 2365 ‚
1272 2290 1331 2349 in
1355 2291 1567 2370 templo
1599 2290 1773 2371 hujus
1799 2290 1930 2350 Deae
1955 2310 2125 2370 super

323 2402 637 2482 acropolim
679 2401 939 2462 Alcathoi
973 2403 1112 2479 sito,
1152 2403 1292 2463 vidit
1333 2423 1399 2464 ex
1431 2423 1571 2464 auro
1601 2413 1767 2483 atque
1799 2404 1971 2464 ebore
1997 2404 2125 2463 fac—

322 2515 476 2574 tam⁵
501 2537 515 2589 3
570 2523 628 2574 at
675 2515 996 2594 praesertim
1039 2516 1388 2594 Megarensis
1442 2515 1669 2590 artifex,
1729 2516 2121 2586 Theocosmus,

323 2625 475 2686 Jovis
508 2634 771 2699 statuam,
806 2626 1040 2706 auspice
1071 2627 1307 2701 Phidia,
1335 2627 1730 2694 inchoaverat,
1765 2626 2124 2707 Olympieum

325 2747 698 2799 ornaturam:
744 2758 920 2820 opUS‚
971 2742 1119 2802 bello
1164 2741 1655 2821 Peloponnesiaco
1700 2741 2120 2819 interruptum,

325 2871 620 2930 nunquam
648 2853 719 2912 ad
748 2853 922 2913 finem
955 2854 1300 2934 perductum
1341 2864 1443 2914 est.
1485 2855 1612 2914 Jam
1650 2854 1964 2933 perfectum
2003 2856 2127 2911 erat

327 2963 430 3024 Dei
462 2974 635 3045 caput
659 2965 842 3027 Horas
868 2976 922 3027 et
942 2967 1152 3027 Parcas
1178 2966 1473 3047 impositas
1497 2985 1701 3046 gerens
1724 2989 1738 3041 ;
1771 2949 2121 3026 caeteratan-

323 3082 449 3135 tum
472 3093 503 3134 e
527 3075 645 3136 luto
675 3096 966 3156 gypsoque
996 3079 1367 3152 constabant3
1406 3078 1466 3138 in
1501 3077 1699 3158 templi
1726 3077 2122 3158 opisthodomo

392 3355 407 3381 ¹
443 3352 551 3401 Vid.
575 3352 727 3402 Beule
748 3369 760 3401 z
781 3353 869 3402 Les
894 3365 994 3403 arta
1017 3366 1059 3404 et
1085 3355 1133 3404 la
1156 3354 1421 3405 litterature
1446 3356 1476 3404 ὰ
1499 3354 1671 3421 Sparte
1690 3391 1706 3415 ‚
1737 3370 1789 3417 p.
1823 3356 1918 3403 115
1946 3363 1994 3404 et
2020 3369 2059 3403 s,

392 3443 411 3467 ²
447 3439 658 3489 Pausan.
686 3440 746 3488 VI
777 3478 790 3501 ,
826 3442 890 3490 19
910 3480 922 3502 ‚
951 3443 1000 3491 9.

392 3530 410 3555 ³
446 3526 654 3577 Pausan.
682 3527 730 3589 1,
759 3529 856 3589 42,
897 3531 946 3578 4.
