2800 4368
400 309 411 334 2
648 257 656 259 “
1154 306 1232 315 -
1275 269 1354 330 75
1395 305 1473 314 --

348 485 361 495 ,Ἴ
390 413 692 478 ·-τίἰι.·νεί3(1ἰο
722 433 752 473 a
776 412 977 473 cinctis
1001 410 1438 472 decertaretur¹.
1458 432 1485 468 »
1517 408 1773 470 Alterum
1805 400 2067 468 novimus
2087 409 2207 468 vic-

415 528 564 591 toris
601 545 814 587 nomen
846 547 858 584 :
899 524 1142 598 Cratini,
1178 521 1648 604 Olympionieae2.

499 640 566 699 In
595 640 740 700 alius
764 637 990 718 generis
1005 637 1425 719 ‚certaminibus
1454 656 1557 716 per
1584 638 1783 696 decem
1813 654 1994 697 annos
2023 636 2211 697 conti-

414 773 564 814 nuas
598 751 860 813 victorias
900 751 1148 829 obtinuit
1181 749 1528 828 Megarensis
1567 749 1922 820 Herodorus,
1959 749 2172 810 tibicen
2194 798 2208 825 ‚

421 868 633 928 statura
677 864 916 925 immani
957 864 1217 942 miraque
1251 862 1303 920 vi
1346 861 1588 921 laterum
1614 909 1628 935 ‚
1678 860 1773 940 qui
1820 846 2214 922 incredibilem

414 979 687 1040 ciborum
737 977 962 1058 copiam
1010 976 1068 1035 in
1114 975 1312 1035 alvum
1357 973 1690 1033 demittebat
1745 974 1996 1052 duasque
2051 974 2216 1048 tubas

423 1076 594 1153 simul
634 1083 887 1151 inflabat.
942 1090 1128 1169 Hujus
1163 1107 1254 1148 ars
1300 1087 1358 1145 in
1394 1085 1558 1147 bellis
1591 1085 1986 1147 efficacissima
2022 1087 2215 1147 trade-

419 1206 608 1267 batur.
647 1204 851 1273 *Quum
894 1202 1048 1262 enim
1094 1200 1417 1261 Demetrius
1454 1198 1803 1260 Poliorcetes
1837 1198 2214 1278 Argosobsi-

420 1319 615 1392 deret,
654 1317 888 1396 ejusque
924 1314 1156 1389 milites,
1208 1314 1370 1374 enixe
1416 1314 1631 1389 conati,
1681 1314 1970 1395 Helepolis
2004 1314 2217 1374 molem

422 1431 492 1493 ad
519 1448 717 1490 muros
750 1447 979 1489 movere
1006 1428 1392 1507 nequidquam
1429 1435 1745 1502 tentarent,
1791 1427 2123 1488 Herodorus
2153 1446 2219 1486 ex

423 1532 575 1618 tubis
608 1543 884 1603 ambabus
913 1541 1335 1601 formidandum
1374 1539 1512 1611 adeo
1550 1540 1801 1600 sonitum
1827 1541 2019 1619 vigore
2043 1540 2215 1601 inau-

423 1657 541 1718 dito
585 1655 852 1716 excivisse
894 1655 1198 1727 ferebatur,
1246 1663 1310 1713 ut
1353 1672 1471 1726 eos,
1523 1652 1738 1713 viribus
1770 1663 1942 1732 supra
1979 1653 2218 1712 modum

427 1768 612 1843 ela-tiS,
647 1787 790 1847 opus
818 1766 1093 1846 perficere
1130 1765 1404 1843 coegisset
1427 1766 1467 1823 ³.

809 2006 841 2085 ξ
875 2005 970 2064 III.
1018 2007 1101 2065 De
1124 1968 1556 2083 *Meqarensium
1590 2006 1806 2065 indole.

505 2170 587 2231 De
612 2170 845 2250 propria
888 2170 1303 2249 Megarensium
1340 2170 1527 2230 indole
1563 2172 1825 2249 quaedam
1863 2181 1986 2231 tum
2034 2191 2099 2231 ex
2149 2171 2218 2232 iis

426 2302 553 2364 quae
569 2283 645 2344 de
668 2282 785 2345 suis
812 2276 1131 2362 originibus
1157 2283 1265 2362 ipsi
1290 2283 1602 2343 commenti
1629 2292 1810 2358 erant,
1830 2283 2222 2343 tum-maxime

427 2416 494 2457 ex
521 2414 722 2457 eorum
747 2395 968 2470 civitate
994 2415 1060 2456 ac
1086 2396 1345 2457 moribus
1372 2397 1520 2455 ultro
1547 2396 1904 2476 prodierunt.
1940 2398 2222 2458 Praeterea

428 2520 561 2572 sunt
594 2530 719 2590 quae
757 2531 787 2570 a
827 2509 1116 2571 veteribus
1144 2511 1416 2586 dictitata‚
1447 2512 1564 2571 fere
1594 2511 1654 2570 in
1686 2512 2018 2592 opinionem
2056 2532 2220 2573 com-

427 2643 665 2686 munem
699 2624 963 2684 videntur
985 2624 1314 2698 transiisse3
1357 2634 1417 2685 ut
1450 2626 1695 2686 multum
1740 2625 1873 2685 inde
1918 2626 2111 2686 auxilii
2154 2627 2224 2686 ad

427 2736 837 2819 perficiendam
892 2737 1312 2816 Megarensium
1368 2739 1614 2818 effigiem
1667 2758 2060 2819 speraremuS,
2114 2738 2224 2799 nisi

428 2850 742 2914 hoctsimul
765 2850 1087 2931 periculum
1118 2871 1374 2912 essemus
1400 2851 1628 2926 adituri,
1655 2861 1719 2912 ut
1740 2852 1949 2932 injusta
1978 2853 2225 2931 falsaque

430 2942 878 3045 admitteremus.
920 2964 1144 3024 Horum
1181 2964 1336 3025 enim
1366 2965 1635 3044 pleraque
1669 2966 1741 3026 ab
1777 2964 2224 3026 Atheniensibus

339 3085 341 3087 ’
430 3087 622 3139 exorta
642 3086 813 3144 sunt,
851 3078 1057 3157 quibus
1087 3078 1145 3137 in
1186 3074 1288 3138 suo
1319 3078 1518 3138 limine
1549 3078 1796 3139 invisum
1827 3078 1978 3139 istud
2007 3078 2224 3166 Dorum

500 3313 515 3339 ¹
554 3307 763 3359 Pausan.
791 3309 841 3368 Ι,
869 3310 969 3368 44,
1001 3312 1047 3358 l.
1075 3309 1243 3358 Schol.
1272 3309 1334 3358 ad
1360 3309 1582 3372 Thucyd.
1612 3309 1663 3368 Ι,
1691 3309 1741 3359 6.

501 3399 520 3425 ²
555 3395 832 3460 olympiad.
860 3396 1014 3455 XXll,
1043 3396 1316 3446 secundum
1338 3396 1437 3445 Jul.
1468 3396 1615 3446 Afiic.
1645 3396 1759 3446 Vid.
1786 3396 1978 3446 Muller.
2007 3396 2123 3445 Dor.

496 3487 520 3512 ³
556 3483 780 3533 Athenae.
811 3485 845 3532 l.
873 3484 943 3544 X,
973 3499 1016 3533 e.
1046 3487 1106 3543 5,
1137 3499 1186 3546 p.
1216 3484 1315 3533 415
1341 3482 1450 3534 Cas.
