2800 4368
1431 308 1752 370 ..46-

773 458 1138 536 Megarenses
1168 471 1302 513 cum
1334 452 1781 513 Atheniensibus
1817 452 2225 532 comprehendi
2274 453 2485 514 intelli-

689 549 964 650 gendum.
1007 566 1100 626 Sic
1138 586 1168 626 a
1203 538 1500 626 communi
1537 564 1634 623 illo
1677 573 1948 643 tanquam
1971 564 2306 625 Graecorum
2330 566 2492 628 nobi-

690 682 873 742 litatis
916 680 1063 741 libro
1101 699 1159 741 se
1195 679 1454 739 exclusos
1489 696 1611 738 esse
1658 693 1773 736 non
1826 696 1989 756 aequo
2025 677 2217 737 animo
2247 678 2492 740 tulerant

688 797 1066 874 Megarenses
1114 792 1502 872 Quapropter,
1561 791 1785 851 duobus
1842 790 2100 851 versibus
2155 790 2216 850 in
2254 790 2490 869 Iliadem

690 909 800 989 (II,
835 907 1008 987 5570)
1039 904 1421 985 interpolatiS,
1471 905 1667 964 saltem
1709 921 1945 963 suorum
1992 903 2337 983 oppidorum
2385 923 2487 984 pa-

688 1042 1006 1104 gorumque
1037 1020 1272 1081 nomina
1308 1021 1670 1080 inseruerant
1699 1041 1709 1076 ;

1032 1168 1132 1219 Αἴας
1157 1167 1192 1212 δ’
1218 1170 1260 1213 ἐκ
1289 1169 1513 1229 Σαλαμῖνος
1534 1166 1631 1229 ἄγεν
1655 1168 1772 1221 νέας,
1802 1165 1894 1213 ἕκτε
1924 1160 2148 1229 Πολίχνης·

1027 1257 1111 1303 ἔπ’
1134 1259 1429 1320 Αἰγειρούσσης
1463 1261 1686 1311 Νισαίηςτε
1710 1256 1999 1321 Τριπόδωντε,

771 1387 1030 1455 Quorum
1079 1384 1267 1464 primo
1319 1383 1640 1459 Polichne,
1689 1394 1963 1447 caeterum
2002 1387 2198 1467 ignoto
2229 1437 2243 1462 ,
2299 1387 2485 1468 ipsam

683 1499 968 1578 Megaram
1003 1495 1287 1576 designari
1326 1496 1593 1574 quidam¹
1633 1497 1955 1559 voluerunt.
1996 1499 2133 1560 Haec
2178 1519 2282 1562 nos
2314 1501 2484 1561 docet

686 1613 947 1685 Strabo²,
1002 1631 1067 1670 ac
1106 1618 1383 1690 praeterea
1435 1610 1725 1688 quomodo
1774 1610 1943 1670 simili
1995 1620 2114 1672 arte
2170 1613 2345 1673 Solon
2389 1623 2492 1675 aut

686 1724 1050 1797 PisistratuS,
1085 1742 1263 1801 quum
1309 1722 1378 1781 de
1416 1722 1734 1801 antiquiore
1779 1723 2082 1784 Salaminis
2125 1725 2488 1804 possessione

687 1837 975 1901 contentio
1025 1845 1200 1909 esset,
1238 1835 1415 1896 alium
1468 1854 1695 1896 versum
1741 1835 2076 1910 addidisset,
2111 1857 2224 1916 quo
2254 1837 2491 1918 Ajacem

685 1948 1131 2010 Atheniensibus
1161 1947 1500 2027 adjunctum
1530 1946 1703 2007 fuisse
1739 1924 2137 2026 probaretur³.

765 2064 958 2143 Itaque
1010 2062 1175 2122 Iones
1218 2061 1317 2121 diu,
1373 2060 1720 2139 Megaridem
1772 2061 2106 2140 obtinuere,
2159 2086 2345 2146 neque
2393 2078 2491 2129 aut

683 2180 809 2240 loco
842 2177 1079 2238 cessisse
1115 2183 1213 2235 aut
1249 2174 1585 2234 immutasse
1634 2192 1825 2236 mores
1871 2176 2155 2254 videntur,
2203 2199 2382 2258 quum
2416 2182 2492 2242 ab

684 2290 911 2352 Achaeis
940 2296 1289 2368 acceperunt
1330 2287 1758 2347 incrementum
1795 2308 1862 2348 ac
1906 2289 2112 2350 deinde
2153 2291 2342 2353 AEolio
2370 2291 2492 2372 regi

683 2411 1016 2485 paruerunt.
1052 2401 1178 2471 Quo
1213 2400 1369 2460 enim
1409 2409 1671 2479 tempore
1702 2401 1902 2462 Achaei
1927 2403 2217 2484 Pelopidis
2247 2404 2492 2467 ducibus

682 2518 742 2577 in
779 2517 1175 2596 Peloponneso
1207 2513 1626 2593 praevalebant,
1669 2513 2012 2592 Alcathous,
2039 2517 2270 2600 Pelopis
2298 2519 2484 2594 filius,

683 2653 748 2694 ex
794 2631 955 2691 Elide
1004 2648 1179 2690 novas
1226 2647 1364 2708 opes
1416 2627 1600 2687 attulit
1650 2627 1858 2706 quibus
1912 2648 2166 2692 eversam
2218 2652 2250 2692 a
2299 2631 2489 2692 Minoe

682 2747 887 2808 urbem
917 2745 1105 2805 denuo
1136 2743 1332 2817 erexit,
1359 2742 1481 2822 ipse
1511 2741 1571 2800 in
1596 2757 1841 2821 regnum
1872 2753 2126 2805 vocatus.
2157 2744 2279 2805 Nec
2304 2745 2510 2810 relatu,

683 2860 983 2939 indignum
1019 2856 1306 2937 quomodo
1338 2856 1461 2935 ejus
1495 2856 1802 2916 adventum
1832 2857 2087 2918 fabulosa
2113 2858 2207 2918 illa
2243 2858 2487 2919 heroum

681 2982 843 3035 aetate
862 2972 1249 3050 Megarenses,
1277 2969 1432 3029 nulla
1464 2968 1672 3029 Minois
1701 2969 1891 3030 habita
1915 2972 2229 3047 mentione,
2269 2991 2471 3033 narra-

682 3086 918 3148 verint⁴.
967 3083 1229 3156 Scilicet,
1282 3101 1461 3161 quum
1511 3081 1807 3160 Megareus
1849 3081 2159 3163 imperium
2202 3104 2233 3144 a
2283 3100 2484 3145 socero

751 3276 765 3301 ¹
793 3270 1051 3335 Forbiger.
1078 3281 1160 3332 ap.
1188 3267 1339 3329 Pauly
1370 3274 1466 3316 art.
1498 3265 1715 3331 Megara.

750 3365 770 3390 2
791 3360 858 3409 ix
883 3396 896 3419 ‚
924 3373 975 3421 p.
1002 3356 1118 3405 594.
1169 3338 1172 3340 ’

751 3456 770 3481 ³
795 3449 867 3500 Cf.
892 3445 1146 3497 Plutarch.>
1169 3443 1272 3492 Sol.
1301 3444 1381 3492 10.

751 3540 932 3597 ⁴Paus.
962 3536 1005 3595 1,
1034 3536 1131 3593 41,
1154 3534 1185 3580 4
1211 3540 1259 3581 et
1285 3532 1333 3579 5.
