2800 4368
840 165 877 204 s

1438 277 1516 285 ——
1561 240 1637 300 58
1679 276 1759 284 —-
1829 322 1831 324 Ι

692 405 862 464 quam
885 383 1049 445 multi
1072 401 1203 442 vero
1228 390 1537 455 senatoreS‚
1568 401 1634 453 ex
1655 399 1767 460 quo
1787 381 2008 455 ordine,
2031 391 2229 442 utrum
2253 402 2285 443 e
2307 401 2484 445 censu

692 500 935 578 quodam
979 496 1239 569 modim,
1295 504 1358 555 ut
1398 494 1671 569 Athenis,
1727 515 1798 556 an
1841 478 2028 556 solum
2069 515 2135 556 ex
2174 505 2366 573 aetate,
2406 486 2487 558 'ut

692 611 964 690 Spartae',
1013 608 1176 668 electi
1213 607 1451 680 fuerint,
1500 626 1626 685 quae
1665 606 1746 667 eis
1777 616 2043 686 potestaS‚
2098 607 2263 669 variis
2285 582 2483 690 reipu-

690 724 852 784 blicae
897 722 1283 802 temporibus,
1340 740 1655 782 concessa:
1696 721 1820 781 haec
1861 721 2052 784 omnia
2102 721 2339 795 omnino
2380 740 2487 784 nos

689 837 910 897 fallunt.
2314 831 2318 833 ’

769 949 850 1010 De
877 950 1300 1029 magistratibus
1336 950 1479 1010 nihil
1517 949 1752 1011 certius.
1795 950 1843 1009 A
1873 948 2256 1011 remotissima
2283 954 2484 1022 aetate,

686 1074 816 1125 ante
853 1065 1076 1147 Olymp.
1124 1068 1232 1142 26,
1282 1071 1392 1147 qua
1432 1067 1754 1128 Chalcedon
1778 1116 1791 1142 ‚
1840 1066 2187 1146 Megarensis
2223 1062 2483 1137 colonia,

689 1180 914 1241 condita
942 1191 1059 1255 est,
1101 1183 1341 1262 Megarae
1384 1181 1691 1260 AEsymnos
1715 1192 1814 1243 aut
1845 1182 2234 1261 AEsymnetaS,
2266 1197 2489 1240 annuos

686 1293 1072 1372 magistratuS,
1095 1295 1395 1369 exstitisse,
1423 1313 1602 1373 quum
1620 1314 1689 1355 ex
1701 1294 2049 1376 AEsymnetis
2068 1290 2484 1365 Chalcedoniis‚

686 1416 807 1466 tum
835 1427 901 1467 ex
930 1407 1228 1487 AEsymnio
1257 1408 1540 1487 Megarico
1574 1408 2002 1488 conjiciendum
2029 1408 2150 1486 jam
2182 1403 2482 1467 indicavi².

686 1519 759 1579 At
780 1519 877 1598 qui
911 1521 1144 1581 fuerunt
1172 1520 1253 1580 illi
1279 1520 1668 1601 AEsymnetae‘?
1695 1524 1766 1580 Et
1794 1520 1930 1581 alibi
1959 1520 2307 1600 AEsymnetae
2327 1536 2488 1598 repe-

685 1636 913 1697 riuntur
945 1658 956 1694 :
996 1637 1108 1696 hoc
1138 1636 1374 1697 nomine
1403 1637 1554 1716 apud
1585 1635 1906 1696 Homerum
1936 1634 2073 1695 dicti
2106 1631 2489 1695 certaminum
2532 1694 2535 1698 .

675 1751 931 1831 judices⁵
961 1774 974 1826 ;
1004 1761 1059 1812 et
1083 1751 1317 1812 urbium
1345 1751 1657 1812 Cumarum
1687 1760 1742 1812 et
1762 1751 1861 1812 Tei
1891 1751 2251 1831 AEsymnetes
2280 1747 2490 1828 magis-

683 1876 862 1928 tratus
912 1867 970 1927 in
999 1868 1126 1927 illa⁴
1175 1867 1326 1927 idem
1361 1866 1512 1946 quod
1548 1882 1746 1947 ἅρχων,
1786 1866 1848 1925 in
1891 1866 2029 1927 hac⁵
2065 1866 2180 1925 fere
2215 1873 2488 1945 tyrannus

685 1981 854 2042 fuisse
892 1981 1134 2042 videtur.
1179 1980 1289 2040 Sed
1339 1981 1409 2040 ad
1452 1954 1864 2042 Chalcedonios
1909 1980 2270 2060 AEsymnetas
2304 1975 2488 2056 magis

685 2112 789 2155 nos
825 2094 1160 2154 referamus.
1202 2093 1284 2154 De
1325 2092 1533 2172 quibus
1561 2093 1872 2154 Boeckhius
1903 2112 1969 2153 ex
2000 2093 2166 2153 titulo
2197 2090 2445 2170 quodam
2467 2089 2487 2116 ‘⁵

683 2217 848 2269 acute
864 2209 1007 2271 :haec
1033 2207 1438 2287 interpretatus
1474 2217 1601 2268 est:
1639 2207 1860 2268 scilicet
1893 2225 1990 2267 eos
2026 2226 2092 2268 ex
2131 2203 2490 2266 senatoribus

684 2343 880 2384 mense
925 2342 1153 2402 quoque
1200 2323 1410 2383 electos
1454 2322 1662 2398 fuisse,
1712 2322 1920 2402 quibus
1971 2329 2317 2402 praeessent,
2373 2320 2490 2387 sere

684 2438 884 2497 eodem
909 2437 1080 2497 modo
1107 2455 1219 2516 quo
1242 2436 1528 2516 Prytanes
1550 2435 1990 2496 Atheniensium
2015 2459 2028 2498 :
2054 2444 2330 2515 praeterea
2352 2452 2489 2494 cum

681 2551 835 2629 Reqe
857 2558 1129 2632 eponymo
1155 2550 1292 2611 anni
1317 2549 1651 2628 designandi
1676 2549 1843 2609 causa
1866 2546 2111 2608 decretis
2134 2546 2483 2627 praemissos,

750 2761 772 2811 ¹.
801 2756 962 2815 Quum
990 2765 1094 2806 tres
1115 2756 1309 2806 Doricae
1334 2755 1526 2815 tribuS‚
1562 2755 1641 2804 vel
1667 2754 1847 2804 iisdem
1872 2752 2056 2817 quibus
2096 2752 2360 2816 Spartanae
2395 2766 2487 2801 no-

683 2845 901 2895 minibus
924 2844 1073 2895 dictae
1092 2882 1105 2903 ‚
1136 2844 1355 2909 Megarae
1400 2842 1723 2907 reperiantur
1747 2840 1852 2907 (Cf.
1881 2840 2010 2890 infra
2029 2878 2044 2899 ‚
2072 2855 2123 2904 p.
2152 2838 2268 2904 60),
2318 2837 2488 2889 forsan

683 2944 733 2983 et
762 2934 1107 2999 Megarensem
1148 2940 1379 2982 senatum
1415 2931 1620 2982 senatus
1652 2930 1883 2995 Spartani
1909 2929 2061 2981 fuisse
2098 2929 2314 2979 similem
2351 2928 2485 2979 arbi-

682 3022 804 3071 trari
831 3021 967 3071 licet.
2175 3004 2178 3006 ’

747 3116 764 3140 ²
802 3111 911 3160 Vid.
938 3123 1123 3173 supra,
1160 3125 1211 3173 p.
1243 3111 1322 3159 19.

750 3204 767 3226 ³
804 3197 874 3246 Cf.
904 3197 1115 3261 Hesych.
1144 3211 1186 3246 s.
1216 3213 1261 3245 v.

749 3288 767 3313 ⁴
803 3284 1004 3333 Aristot.
1031 3284 1189 3346 apud..
1211 3283 1373 3346 Etyni.
1404 3284 1465 3331 M.
1489 3300 1529 3333 s.
1562 3299 1610 3330 v.

746 3376 763 3401 ’ὁ
799 3372 1001 3421 Boeckh.
1030 3371 1180 3434 Corp.
1224 3371 1376 3421 Inscr.
1411 3372 1494 3420 Gr.
1520 3409 1533 3430 ,
1563 3371 1620 3419 N0
1646 3372 1792 3419 5044.

750 3464 767 3487 ⁶
806 3461 865 3508 N⁰
891 3461 1039 3508 5794.
