2800 4368
1098 290 1417 349 -99.„.

361 425 585 488 duobus
633 427 881 488 tribusve
926 429 1102 507 nigris
1137 429 1479 492 cincinnulis
1524 433 1583 491 in
1630 434 1812 513 capite
1851 442 1905 494 et
1944 444 2136 497 mento

366 539 708 615 instruam,
744 559 982 620 corpore
1021 541 1276 602 distorto.
1325 543 1463 603 Haec
1497 545 1746 623 species,
1784 545 1859 605 ita
1906 545 2143 607 ridicula

365 653 717 717 deformitate
747 653 986 733 insignis
1005 704 1018 730 ‚
1055 665 1277 715 assueto
1308 657 1583 735 populum
1614 659 1897 719 lenocinio
1928 660 2143 721 allicie-

369 767 495 842 bat3
532 768 680 828 hanc
714 769 1089 847 prodeuntem
1130 773 1473 848 spectatores
1503 780 1637 831 noto
1674 773 1906 833 nomine
1934 774 2143 835 saluta-

369 880 528 947 bant,
552 880 1033 958 quemadmodum
1063 882 1212 960 apud
1243 881 1415 942 Oscos
1431 882 1774 944 Manducum
1798 895 1895 946 aut
1922 887 2148 948 Bucco-

372 1011 526 1052 nem.
586 992 749 1052 Unde
801 993 1065 1054 effectum
1120 1003 1204 1054 est
1261 1002 1351 1068 ut,
1405 1004 1702 1073 postquam
1769 998 2045 1059 comoedia
2093 1000 2153 1058 in

370 1102 636 1164 liberiora
671 1103 1062 1183 nobilioraque
1090 1106 1269 1184 spatia
1299 1105 1552 1180 exiisset,
1581 1107 1793 1168 Maeson
1825 1110 1993 1169 etiam
2017 1119 2156 1171 tunc

374 1217 742 1276 servaretur¹.
796 1217 920 1276 Jam
977 1225 1166 1277 autem
1206 1217 1391 1297 prisca
1435 1219 1566 1279 sede
1601 1220 1874 1280 decedere
1903 1231 2152 1297 coactuS,

375 1329 624 1388 secundo
665 1329 750 1389 vel
784 1329 949 1389 tertio
1000 1330 1125 1390 loco
1160 1331 1478 1410 adscriptus
1518 1339 1629 1406 est,
1678 1334 1871 1411 quales
1899 1331 2160 1397 Parasiti

375 1442 717 1522 Ebriosique
744 1463 1001 1523 personae
1032 1463 1170 1524 quas
1203 1444 1584 1524 Epicharmus
1619 1446 1971 1508 adhibuerat.

460 1557 760 1627 Quomodo
796 1567 951 1618 statae
987 1577 1245 1638 personae
1282 1558 1364 1618 sic
1392 1558 1564 1620 Novae
1597 1559 1900 1621 Comoediae
1932 1560 2160 1642 adjungi

377 1679 545 1750 atque
581 1670 896 1732 immisceri
940 1671 1262 1751 potuerint,
1302 1672 1348 1730 si
1378 1671 1504 1750 quis
1538 1672 1798 1747 miretur,
1839 1674 2164 1734 meminerit
2238 1734 2241 1741 ,

378 1784 563 1863 qualia
599 1791 788 1844 essent
828 1784 979 1863 apud
1017 1792 1231 1844 veteres
1258 1784 1475 1844 theatra
1497 1832 1511 1858 ,
1553 1793 1608 1844 et
1634 1785 1760 1863 quis
1788 1804 2164 1864 personarum

378 1917 517 1959 usus
553 1911 578 1954 5
605 1904 812 1975 quanta
856 1895 1052 1976 populi
1094 1896 1426 1971 multitudo,
1459 1914 1630 1975 quam
1665 1895 1745 1957 ibi
1781 1898 2165 1958 necessarium

386 2011 729 2091 solitumque
755 2010 1132 2091 spectantium
1158 2020 1380 2071 mentes
1402 2010 1628 2071 indiciis
1646 2010 1907 2091 adjuvare
1930 2035 1944 2086 3
1981 2013 2168 2092 itaque

385 2126 681 2188 comoediae
704 2144 882 2205 quum
907 2145 1023 2185 non
1047 2125 1201 2185 idem
1228 2125 1638 2204 obtingeret'ac
1676 2125 1964 2204 tragoediae
1986 2175 1999 2200 ‚
2026 2126 2169 2185 nihil

382 2234 929 2321 agenti'narrantive
976 2239 1129 2318 quod
1166 2258 1282 2298 non
1332 2239 1492 2318 prius
1542 2238 1602 2296 in
1650 2247 1902 2298 mentem
1933 2239 2170 2318 quisque

387 2373 521 2417 cum
545 2355 669 2435 ipso
694 2354 946 2415 Deorum
971 2354 1327 2432 heroumque
1358 2354 1513 2413 cultu
1543 2373 1573 2413 a
1603 2353 1795 2433 pueris
1822 2353 2164 2433 accepisset,

387 2487 622 2530 necesse
655 2467 828 2545 fuisse
874 2476 939 2527 ut
982 2475 1133 2527 certa
1164 2466 1538 2540 conditioniS,
1573 2466 1750 2526 aetatis
1795 2474 1960 2544 atque
2002 2465 2172 2525 etiam

389 2582 594 2644 indolis
616 2600 823 2662 genera
847 2580 1160 2642 evidentius
1185 2598 1444 2660 personae
1468 2598 1695 2658 semper
1717 2578 1932 2638 eaedem
1962 2586 2017 2638 et
2039 2597 2174 2638 con-

390 2705 619 2771 stanteS,
654 2713 824 2775 quam
845 2694 995 2774 apud
1025 2711 1128 2754 nos
1157 2692 1386 2753 mobilis
1414 2701 1673 2753 actorum
1701 2691 1926 2752 habitus
1944 2740 1957 2766 ,
1998 2691 2173 2770 signi-

392 2809 648 2870 ficarent.
675 2808 811 2868 Inde
841 2806 1012 2867 etiam
1040 2805 1225 2866 evenit
1250 2814 1313 2865 ut
1333 2813 1450 2865 tam
1480 2805 1715 2865 diversae
1740 2823 1805 2864 ac
1835 2803 2178 2884 multiplices

394 2924 798 3003 effingerentur
845 2918 1136 3001 personae,
1189 2939 1261 2980 ne
1314 2920 1562 2981 nimium
1610 2919 1864 2998 augustis
1919 2917 2179 2979 terminis

399 3037 687 3099 comicum
706 3055 897 3122 *genus
926 3035 1332 3095 includeretur.

469 3325 482 3350 ¹
523 3320 790 3369 Maesonem
837 3317 967 3366 inter
1006 3314 1247 3379 plurimas
1293 3316 1402 3366 illas
1443 3317 1593 3367 Novae
1640 3315 1909 3366 Comoediae
1948 3328 2185 3379 personas

403 3414 646 3455 memorat
691 3413 740 3453 et
773 3402 1011 3453 describit
1035 3402 1227 3451 Pollux.
1265 3403 1438 3453 Onom.
1468 3404 1544 3463 IV,
1575 3405 1808 3452 145-154.
1837 3418 1919 3466 ap.
1946 3403 2182 3452 Meineck.

405 3493 600 3557 Fragm.
629 3505 756 3540 com.
789 3505 867 3554 gr.
894 3490 1004 3538 Vol.
1035 3489 1085 3545 1,
1115 3505 1164 3551 p.
1194 3489 1309 3537 561.
