2800 4368
52 3675 54 3678 .
77 3640 125 3673 ........

31 3162 68 3195 Ml.
94 3191 96 3196 .

28 3198 31 3207 ,
96 3200 98 3202 .

1141 313 1460 373 ..77-

401 456 800 532 amantissimi,
821 465 918 517 aut
939 456 1169 536 saepius,
1198 477 1229 517 a
1259 457 1496 518 comicis
1521 457 1960 519 Atheniensium
1984 459 2186 538 poetiS,

399 578 466 630 ut
496 568 677 630 risum
707 569 967 630 odiosum
998 578 1163 648 atque
1200 570 1577 631 immodicum
1619 571 1692 631 ob
1727 571 1937 633 insulsa
1991 573 2187 634 tollere

398 680 609 742 soliti¹.
648 681 735 741 Ad
772 681 884 741 hoc
926 681 1150 742 dicaces
1196 692 1251 742 et
1286 682 1465 741 nimia
1503 684 1745 761 quadarn
1776 685 2086 763 petulantia
2122 686 2192 745 ad

399 791 717 853 irridendos
746 792 1012 852 homines
1045 792 1212 872 proni
1241 793 1619 853 habebantur.
1653 794 1868 855 Notum
1894 796 2050 856 enim
2079 797 2190 857 hoc

398 903 600 965 Pittaci
643 904 922 964 verbum:
960 925 987 961 (ε
1022 904 1379 982 Megarenses
1424 905 1552 982 fuge
1589 924 1818 981 omnes3
1857 918 1989 969 sunt
2032 909 2189 969 enim

397 1015 639 1078 amari.²
666 1039 695 1075 »
724 1016 848 1077 Imo
886 1016 1057 1077 etiam
1101 1034 1197 1077 eos
1233 1016 1402 1076 simul
1435 1017 1974 1099 ridicula'superbia
2013 1024 2191 1083 elatos

398 1138 453 1189 et
484 1129 643 1189 omni
669 1137 1001 1208 contemptu
1036 1129 1240 1207 dignos
1275 1128 1666 1203 arbitraretur,
1703 1129 1749 1190 si
1790 1131 1917 1210 quis
1941 1132 2191 1193 indiciis⁵

396 1209 737 1322 quibusdam
776 1242 949 1302 fidem
991 1241 1304 1302 adhiberet.
1355 1243 1437 1301 Ex
1477 1242 1686 1321 quibus
1734 1244 2190 1323 vulgatissimum

395 1352 611 1433 Pythiae
667 1371 1043 1432 responsum,
1095 1373 1219 1431 quae
1277 1374 1307 1413 a
1359 1353 1789 1432 Megarensibus
1849 1355 2191 1436 interrogata

394 1464 629 1545 quinam
684 1465 1018 1527 Graecorum
1063 1466 1518 1546 praestantissimi
1557 1479 1780 1542 essent,
1814 1468 2019 1530 dixisse
2054 1470 2190 1533 olim

394 1580 680 1641 ferebatur
712 1602 723 1638 ;
768 1581 1027 1640 «Terrae
1059 1581 1232 1652 totius
1267 1580 1629 1659 Pelasgicum
1684 1581 1867 1662 Argos
1909 1593 2188 1662 praestan-

399 1712 428 1750 ν
458 1691 744 1754 tissimum
768 1702 887 1766 est3
925 1693 1392 1772 praestantissima
1423 1701 1508 1753 est
1531 1702 1587 1752 et
1611 1713 1753 1773 equa
1786 1695 2110 1756 Thessalica
2137 1706 2192 1757 et

399 1825 428 1861 a>
457 1804 888 1865 Lacedaemonia
923 1804 1163 1878 mulier;
1205 1805 1663 1884 praestantissimi
1709 1806 1815 1865 viri
1861 1807 1958 1886 qui
1987 1807 2192 1868 bibunt

270 1942 273 1943 ν
319 1948 330 1967 1.
397 1937 426 1977 ν
453 1934 662 1999 aquam
713 1916 971 1996 pulchrae
1013 1915 1313 1978 Arethusae
1352 1939 1363 1977 :
1414 1919 1513 1979 sed
1566 1919 1739 1979 etiam
1776 1919 1866 1980 his
1903 1929 2191 2000 praestan—

395 2049 426 2087 ν
450 2029 646 2104 tioreS,
678 2029 777 2108 qui
819 2030 1149 2110 Tirynthem
1187 2030 1342 2091 inter
1369 2032 1628 2093 habitant
1661 2042 1717 2093 et
1742 2032 2042 2094 Arcadiam
2083 2055 2187 2115 pe-

396 2163 426 2201 »
453 2143 665 2222 cudum
694 2142 947 2215 divitem,
975 2143 1133 2223 Argii
1156 2144 1309 2205 lineo
1347 2144 1531 2205 induti
1558 2146 1812 2220 thorace,
1852 2147 2185 2225 praeliorum

395 2276 425 2314 i>
454 2255 687 2316 stimuli.
715 2256 829 2317 Vos
858 2257 1504 2336 autem,=MegarenseS,
1544 2278 1729 2338 neque
1767 2259 1954 2334 tertii,
2000 2280 2185 2340 neque

355 2430 359 2433 .
395 2390 425 2427 ν
455 2369 659 2448 quarti,
687 2388 871 2448 neque
902 2369 1248 2459 duodecimi,
1279 2389 1463 2448 neque
1497 2370 1616 2430 ullo
1648 2370 1707 2429 in
1736 2391 1977 2431 numero
2003 2373 2186 2433 ullove

396 2479 434 2540 ν
453 2481 510 2541 in
547 2482 673 2542 loco
709 2482 897 2543 estis⁴.
935 2505 962 2541 »

574 2663 588 2689 ¹
635 2693 788 2705 .....
822 2664 989 2708 Γέλωτα
1013 2664 1244 2726 Μεγαρόθεν
1268 2663 1548 2725 κεκλεμμένον.

857 2746 1076 2814 Aristoph.
1102 2746 1232 2807 Vesp.
1257 2746 1331 2792 58.
1360 2745 1454 2790 Vid.
1480 2745 1624 2791 Schol.
1652 2745 1706 2792 ad
1730 2745 1773 2790 h.
1803 2745 1832 2790 1.

639 2862 790 2877 .....
827 2836 894 2878 Σοὶ
929 2835 978 2878 τὸ
1000 2834 1161 2896 σκῶρ-μ’
1179 2833 1352 2895 ἀσελγὲς
1371 2836 1440 2877 καὶ
1465 2833 1695 2894 Μεγαρικόν
1711 2864 1722 2880 ‚

629 2924 699 2968 καὶ
729 2920 886 2984 σφόδρα
906 2922 1069 2985 ψυχρὸν
1104 2925 1242 2986 γελᾷς.

393 3007 577 3072 Myrtil.
604 3012 863 3057 Τιτανόπασι
886 3020 968 3070 ap.
996 3008 1255 3071 Aspasium
1279 3009 1343 3057 ad
1373 3007 1537 3057 Ethic.
1563 3007 1754 3057 Nicom.
1784 3022 1835 3071 p.
1864 3009 1945 3059 55.

458 3103 478 3131 ²
515 3102 728 3164 Μεγαρέας·
749 3106 868 3163 φεῦγε
891 3102 1050 3152 πάντας
1073 3119 1084 3129 ·
1108 3091 1186 3146 elixi
1200 3104 1282 3164 γὰρ
1303 3101 1459 3162 πικροὶ.
1480 3094 1683 3144 Anthol.
1706 3095 1859 3145 Palat-
1886 3094 1929 3145 ῙῙ
1943 3134 1957 3157 ,
1986 3112 2041 3161 p.-
2063 3100 2181 3149 445.

460 3194 479 3220 ³
513 3189 696 3238 Vocem
711 3192 955 3251 Μεγαρίζειν
980 3186 1156 3253 eodem
1173 3200 1323 3236 sensu
1340 3199 1442 3249 quo
1456 3190 1564 3252 μέγα
1588 3189 1715 3249 λέγειν
1739 3185 1960 3235 habitam
1975 3223 1989 3246 ‚
2010 3186 2185 3238 Suidas

389 3278 467 3345 (s.
497 3274 577 3342 v.)
598 3273 774 3326 refert.
801 3272 893 3331 Qui
917 3273 1068 3323 etiam
1091 3274 1189 3323 hoe
1211 3272 1536 3336 proverbium
1561 3272 1681 3323 citat
1704 3280 1754 3322 et
1791 3272 2180 3336 interpretatur:

390 3370 614 3434 Μεγαρέων
637 3367 741 3422 ἄξιοι
764 3363 926 3429 μερίδος
941 3399 951 3417 ,
979 3360 1088 3421 scil.
1115 3364 1275 3427 ἄτιμοι.
1353 3355 1358 3357 Α

574 3459 591 3487 ”
628 3447 752 3520 Ῠμεῖς
787 3451 820 3499 ὦ
843 3440 1072 3518 Μεγαρεῖῂ
1097 3453 1193 3501 οὕτε
1216 3458 1350 3518 τρίτοι
1370 3489 1382 3508 ,
1407 3453 1503 3500 οὕτε
1536 3455 1754 3515 τέταρτοι,

637 3546 748 3592 Οὔτε
772 3541 1049 3601 δυωδέκατοι,
1085 3543 1173 3592 οὔτ’
1197 3547 1234 3592 ἐν
1259 3546 1394 3607 λόγῳ,
1422 3542 1509 3589 οὔτ’
1533 3544 1571 3588 ἐν
1607 3545 1778 3605 ἀριθμῷ.
