2800 4368
829 168 866 206 s
1568 231 1579 234 -

1495 328 1573 337 .-
1615 293 1693 353 66
1734 331 1812 338 -

751 435 944 497 minus
971 442 1166 514 gentes
1196 442 1411 496 exteras
1441 435 1511 495 ad
1547 435 1958 516 comparandas
1993 439 2359 500 mutandasve
2382 459 2542 501 mer-

751 567 845 608 ces
892 547 950 606 in
1001 566 1100 607 sua
1152 547 1363 607 moenia
1398 546 1727 608 convocavit
1771 570 1782 607 :
1832 548 2049 628 potius,
2093 551 2312 629 quoties
2346 553 2541 628 licuit,

749 676 874 720 oras
911 668 1168 721 externas
1190 659 1428 720 navibus
1455 658 1576 740 ipsa
1613 659 1806 740 petiit,
1855 661 1914 719 in
1947 681 2086 740 quas
2116 681 2179 722 ea
2224 665 2543 741 praesertim

746 772 1011 847 inferret,
1051 792 1178 852 quae
1204 792 1269 833 ex
1302 773 1484 853 ipsius
1519 772 1753 852 regione
1796 775 2218 854 provenissent.
2298 826 2314 829 γ,

827 885 967 954 Quae
1011 894 1203 946 autem
1253 885 1389 946 foris
1443 886 1738 946 vendenda
1784 885 2143 966 Megarenses
2188 887 2544 950 emiserunt?

742 997 1036 1059 Nimirum
1061 1018 1126 1061 ea
1161 999 1341 1078 magis
1362 1019 1490 1078 quae
1527 1008 1646 1059 arte
1668 1001 1769 1059 sua
1805 999 2172 1073 effluxerant,
2202 1019 2374 1078 quam
2415 1020 2543 1080 quae

746 1111 850 1172 soli
873 1112 1102 1173 ubertas
1125 1111 1483 1192 suppetebat.
1513 1111 1854 1192 Quanquam
1871 1112 2074 1174 vicinis
2095 1112 2543 1176 Atheniensibus

743 1227 921 1287 multa
943 1245 1046 1306 per
1079 1234 1290 1285 terram
1320 1225 1779 1304 suppeditabant.
1827 1227 1992 1287 Unde
2025 1228 2089 1287 fit
2120 1236 2184 1287 ut
2205 1276 2219 1302 ‚
2273 1227 2332 1286 in
2374 1227 2542 1288 Aris-

741 1339 1007 1420 tophanis
1069 1338 1561 1411 Acharnensibu3‚
1615 1339 1963 1419 Megarensis
2010 1342 2233 1416 forum,
2290 1342 2442 1422 quod
2489 1342 2542 1403 ei

741 1453 1083 1534 Dicaeopolis
1113 1462 1310 1514 contra
1336 1453 1521 1532 legem
1544 1472 1745 1514 rursus
1767 1453 2021 1533 aperuit,
2062 1455 2200 1515 adeo
2231 1455 2408 1516 effuse
2444 1476 2539 1517 sa-

741 1569 884 1629 lutet
927 1589 938 1627 ε
985 1589 1013 1625 «
1050 1567 1210 1627 Salve
1246 1567 1437 1627 forum
1488 1565 1728 1627 atticum
1754 1613 1768 1640 ,
1807 1574 2036 1644 gratum
2071 1565 2535 1645 Megarensibus!

742 1681 850 1756 Te,
884 1689 949 1741 ut
976 1688 1219 1740 matrem
1238 1729 1252 1754 ,
1286 1678 1680 1742 desiderabam
1703 1727 1717 1753 ,
1745 1678 1821 1738 ita
1842 1697 1937 1738 me
1964 1677 2188 1758 Jupiter
2216 1688 2368 1740 amet
2387 1699 2541 1760 prae-

743 1815 833 1856 ses
890 1793 1156 1854 amicitiae
1182 1792 1196 1820 ¹
1235 1795 1246 1852 !
1280 1815 1307 1852 J>
1349 1790 1823 1873 Peloponnesiaci
1874 1789 2029 1852 enim
2067 1791 2200 1851 belli
2235 1792 2306 1852 ab
2344 1791 2542 1867 initio,

742 1907 1182 1969 Atheniensium
1213 1906 1272 1966 in
1301 1906 1661 1986 Megarenses
1683 1914 1737 1965 et
1753 1904 1994 1965 decretis
2031 1913 2086 1964 et
2114 1904 2545 1968 incursionibus

743 2021 1010 2082 effectum
1046 2030 1163 2095 est,
1205 2029 1269 2080 ut
1300 2019 1390 2095 hi,
1448 2019 1657 2098 quibus
1693 2018 1781 2079 sui
1812 2017 1999 2079 desint
2043 2038 2223 2097 quum
2261 2038 2327 2079 ex
2354 2019 2539 2099 agriS‚

742 2134 868 2187 tum
894 2143 925 2185 e
950 2123 1298 2184 commercio
1322 2121 1558 2197 reditus,
1577 2122 1727 2182 fame
1750 2120 2013 2181 laborent
2042 2121 2344 2201 proverbio
2369 2122 2542 2183 etiam

747 2237 1027 2298 celebrata
1047 2285 1061 2311 ‚
1097 2235 1244 2296 sicut
1275 2234 1543 2315 exprimit
1569 2253 1674 2294 vox
1696 2243 2019 2315 Μεγαρίζειν,
2049 2234 2260 2294 famem
2297 2233 2545 2313 Megari-

746 2370 871 2412 cam
901 2349 1122 2431 perpeti
1142 2348 1186 2408 ².

825 2464 1095 2545 Megaris,
1128 2452 1421 2525 montibus
1455 2463 1686 2525 horrida
1715 2483 1783 2524 ac
1830 2463 1945 2524 fere
1981 2482 2267 2542 nusquam
2314 2463 2374 2523 in
2413 2463 2544 2544 pla·
2597 2499 2600 2502 ·

745 2579 945 2641 nitiem
981 2590 1268 2661 porrecta,
1313 2579 1499 2640 solum
1540 2577 1781 2639 minime
1832 2577 2044 2658 pingue
2081 2577 2450 2658 Qenw'yoaov⁵)
2493 2586 2550 2638 et

748 2693 1065 2756 colentibus
1119 2693 1278 2755 triste
1317 2693 1743 2775 (mpoomnpost)
1787 2693 2119 2772 praebebat,
2172 2711 2287 2752 non
2353 2700 2547 2752 tamen

746 2807 1166 2887 Megarensium
1195 2806 1506 2888 pertinacia
1541 2806 1842 2868 invictum.
1888 2807 2001 2867 Eos
2046 2806 2202 2866 enim
2232 2805 2507 2866 Isocrates
2529 2805 2550 2832 ⁵

751 2923 994 2985 ostendit
1028 2942 1131 3003 per
1172 2941 1373 3002 pacem
1412 2941 1542 2983 saxa
1572 2920 1810 2982 feliciter
1840 2930 2066 2982 arantes
2114 2921 2324 3002 (πέτρας
2381 2950 2549 3002 γεωρ-

819 3158 834 3184 ¹
872 3152 1126 3217 Aristoph.
1148 3152 1362 3203 Acharn.
1391 3167 1438 3201 v.
1468 3152 1585 3201 729.

818 3246 837 3271 ¹
872 3242 1040 3292 Schol.
1065 3241 1320 3304 Aristoph.
1348 3230 1560 3291 Acharn.
1591 3254 1638 3290 v.
1666 3240 1788 3290 822.
1816 3240 1953 3291 Suid.
1981 3255 2022 3290 s,
2052 3257 2097 3291 v.
2125 3248 2444 3309 Μεγαρίζοντες.

819 3335 838 3360 ³
874 3331 1098 3394 Thophr.
1126 3330 1286 3379 Η.·ΡΙ.
1314 3330 1383 3388 11,
1410 3331 1462 3379 9.

819 3422 841 3448 ⁴
875 3419 1039 3470 Strab.
1064 3418 1159 3479 IX,
1186 3433 1238 3482 p.
1267 3419 1382 3469 595.

822 3511 841 3538 ⁵
875 3507 1080 3558 Isocrat.
1107 3508 1141 3556 l.
1171 3508 1205 3556 l.
