2800 4368
1060 263 1380 322 „53-

324 399 533 488 perfice
576 426 587 463 :
632 405 702 464 da
738 405 882 464 mihi
926 423 1029 485 pro
1077 406 1242 467 malis
1299 415 1355 466 et
1397 405 1534 466 boni
1579 404 1789 483 aliquid
1846 405 2114 484 experiri..

323 516 532 582 Moriar
580 517 803 596 potius,
855 516 902 576 si
951 518 1162 577 nullam
1216 518 1497 578 malarum
1548 534 1815 577 curarum
1858 515 2113 594 requiem

234 695 236 699 ,
309 628 655 689 inventurus
690 647 839 702 sum,
874 629 975 688 sed
1003 648 1319 689 moerorum
1344 628 1404 687 in
1439 628 1621 688 vicem
1645 647 1919 687 moerores
1942 627 2114 688 sorti·
2197 702 2200 705 Ι

184 727 200 735 ”’
231 734 234 736 ’
322 739 515 799 turus!
554 738 634 799 Ita
663 738 818 799 enim
851 739 962 799 fato
993 739 1197 799 visum.
1234 738 1363 797 Non
1394 737 1537 796 mihi
1578 738 1728 797 lucet
1756 746 1884 797 ante
1915 737 2116 797 oculos

323 870 491 930 poena
535 851 838 911 hominum
884 851 980 930 qui
1029 869 1184 910 meas
1219 850 1473 909 fortunas
1527 849 1737 908 habent
1780 849 1833 906 vi
1886 858 2111 928 raptas:

324 981 427 1042 ego
465 971 1003 1023 autem-torrentem
1045 961 1278 1022 transivi
1335 961 1665 1040 (tanquam)
1710 961 1868 1021 canis
1923 961 2114 1033 nuda,

323 1075 585 1135 omnium
614 1075 779 1155 inops
814 1094 1007 1135 rerum
1030 1123 1045 1149 ,
1078 1094 1216 1153 quas
1254 1073 1510 1134 fluminis
1548 1073 1810 1133 violentia
1841 1073 2104 1133 excussit.

324 1186 556 1248 Utinam
605 1188 813 1246 horum
856 1195 1044 1246 atrum
1082 1186 1418 1265 sanguinem
1461 1185 1605 1244 mihi
1657 1185 1851 1246 bibere
1901 1185 2067 1245 liceat
2106 1206 2115 1217 ·

325 1298 543 1359 bonum
564 1316 696 1357 vero
726 1317 942 1357 numen
972 1298 1028 1356 in
1054 1316 1150 1359 eos
1173 1317 1428 1378 praeceps
1450 1298 1647 1372 irruat,¹
1672 1306 1736 1357 ut
1757 1298 1882 1357 haec
1908 1315 2108 1357 secun-

329 1411 468 1470 dum
493 1417 744 1469 mentem
779 1428 969 1470 meam
1003 1410 1399 1490 exsequatur¹l
1437 1433 1465 1468 »
1501 1412 1610 1471 Sed
1635 1418 1908 1489 praeterea
1946 1417 2117 1470 tantae

331 1522 789 1601 perturbationes
827 1522 877 1582 ei
910 1541 1014 1602 pro
1050 1523 1260 1603 patria,
1288 1541 1460 1602 quam
1489 1525 1713 1582 summa
1750 1522 1955 1601 pietate
1986 1522 2118 1581 dili-

328 1631 448 1710 git,
491 1611 931 1694 sollicitudinem
981 1644 1036 1695 et
1084 1635 1390 1713 quemdam
1433 1634 1593 1712 quasi
1642 1633 1970 1711 religiosum
2021 1634 2116 1693 fati

328 1724 607 1804 terrorem
642 1745 907 1823 injiciunt
932 1766 943 1803 :
978 1767 1006 1803 «
1041 1746 1242 1824 Cyrne,
1269 1765 1568 1825 praegnans
1589 1755 1674 1806 est
1696 1746 1821 1805 haec
1846 1745 2058 1820 civitaS‚
2087 1769 2115 1805 »

335 1856 530 1920 iterata
553 1875 689 1916 voce
718 1846 1243 1933 exclamat,'veritus
1270 1877 1342 1918 ne
1369 1858 1554 1919 virum
1580 1858 1762 1938 pariat
1791 1867 1888 1918 aut
1907 1879 1936 1916 «
1957 1859 2119 1919 malae

287 1969 755 2051 ‘Megarensium
803 1970 1118 2051 insolentiae
1170 1973 1413 2032 ultorem
1436 2020 1451 2048 ‚
1480 1955 1643 2032 »aut
1674 1972 1864 2052 ipsum
1905 1993 1934 2029 <t
1973 1972 2121 2033 truci

255 2119 258 2122 <
308 2083 623 2145 ‚insolentia
683 2084 989 2145 subnixum
1044 2086 1362 2164 ducemque
1429 2087 1664 2146 funestae
1726 2084 2043 2147 factionis2.
2085 2109 2113 2144 »

323 2196 508 2276 Atque
557 2197 732 2258 alibi:
766 2219 793 2254 «
824 2198 941 2258 Nos
979 2198 1217 2279 candida
1263 2200 1383 2260 vela
1426 2199 1762 2260 demisimus
1804 2208 1859 2259 et
1898 2210 2116 2272 temere

323 2327 427 2389 per
457 2318 684 2371 noctem
717 2311 1080 2371 tenebrosam
1115 2311 1174 2370 in
1218 2312 1328 2372 alto
1377 2311 1634 2372 ferimur.
1675 2312 1890 2372 Nolunt
1926 2312 2016 2372 isti
2053 2332 2111 2372 se

322 2423 510 2483 antliae
562 2423 831 2484 adhibere
874 2445 886 2482 :
936 2411 1105 2503 supra
1161 2434 1352 2484 autem
1387 2432 1694 2503 utrumque
1750 2425 1894 2486 latus
1944 2444 2103 2486 mare

323 2535 518 2597 insilit.
568 2537 828 2597 Profecto
881 2537 1214 2598 difficillima
1251 2547 1335 2600 est
1369 2539 1518 2599 salus
1562 2561 1573 2597 :
1619 2548 1675 2599 at
1718 2539 2110 2600 dormiunt....

307 2650 512 2735 ,Metuo
556 2670 628 2711 ne
663 2652 840 2711 fluctu
890 2651 1048 2713 navis
1094 2652 1522 2732 immergatur⁵.
1564 2676 1591 2711 »
1638 2653 1823 2714 Simul
1864 2654 2115 2714 terribile

317 2762 465 2838 *illud
476 2764 850 2845 lacrymisque
870 2764 1047 2825 fetum
1068 2766 1336 2831 adversus
1350 2766 1543 2826 Medos
1559 2767 1772 2827 bellum
1797 2766 2109 2847 praesagiff,

275 2942 277 2946 ,
329 2878 490 2959 cujus
536 2879 851 2959 ingruentis
904 2878 1207 2940 formidine
1267 2879 1484 2939 Graecia
1528 2880 1758 2959 percelli
1808 2882 2121 2961 coeperatf'„

396 3131 409 3157 ¹
451 3128 504 3177 V.
532 3130 764 3190 777-786.

390 3220 408 3245 ²
445 3217 501 3266 V.
528 3218 652 3279 699;
683 3219 797 3268 705.

394 3309 412 3334 ³
446 3306 502 3354 V.
533 3307 624 3354 751
654 3316 703 3355 et
727 3321 802 3370 sq.
829 3307 901 3357 Cf.
931 3322 975 3356 v.
1002 3310 1124 3368 711;
1154 3308 1242 3356 721
1268 3344 1280 3366 ,
1311 3315 1406 3356 etc.

394 3398 411 3424 '⁴
445 3396 506 3444 V.
535 3396 649 3443 745.
1055 3400 1058 3403 ‘
1260 3396 1262 3398 ’

394 3486 413 3512 ⁵
449 3483 685 3533 Herodot.
714 3484 802 3543 VI,
831 3485 945 3533 112.
