<?xml version="1.0" encoding="UTF-8"?>
<!DOCTYPE html PUBLIC "-//W3C//DTD XHTML 1.0 Transitional//EN"
    "http://www.w3.org/TR/xhtml1/DTD/xhtml1-transitional.dtd">
<html xmlns="http://www.w3.org/1999/xhtml" xml:lang="en" lang="en">
 <head>
  <title>
</title>
<meta http-equiv="Content-Type" content="text/html;charset=utf-8" />
  <meta name='ocr-system' content='tesseract 3.04.00' />
  <meta name='ocr-capabilities' content='ocr_page ocr_carea ocr_par ocr_line ocrx_word'/>
</head>
<body>
  <div class='ocr_page' id='page_1' title='image "./demegarensiuming00gira_0117.png"; bbox 0 0 2800 4368; ppageno 0'>
   <div class='ocr_carea' id='block_1_1' title="bbox 1045 313 1406 373">
    <p class='ocr_par' dir='ltr' id='par_1_1' title="bbox 1045 313 1406 373">
     <span class='ocr_line' id='line_1_1' title="bbox 1045 313 1406 373; baseline 0 -1"><span class='ocrx_word' id='word_1_1' title='bbox 1045 313 1406 373; x_wconf 79' lang='lat'>-105-</span> 
     </span>
    </p>
   </div>
   <div class='ocr_carea' id='block_1_2' title="bbox 555 586 1902 668">
    <p class='ocr_par' dir='ltr' id='par_1_2' title="bbox 555 586 1902 668">
     <span class='ocr_line' id='line_1_2' title="bbox 555 586 1902 668; baseline 0.003 -23"><span class='ocrx_word' id='word_1_2' title='bbox 555 586 583 666; x_wconf 60' lang='grc' dir='ltr'><strong>ἓ</strong></span> <span class='ocrx_word' id='word_1_3' title='bbox 614 586 708 646; x_wconf 85' lang='lat' dir='ltr'>lv.</span> <span class='ocrx_word' id='word_1_4' title='bbox 755 587 839 646; x_wconf 78' lang='lat' dir='ltr'>De</span> <span class='ocrx_word' id='word_1_5' title='bbox 876 589 1085 648; x_wconf 77' lang='lat' dir='ltr'>artium</span> <span class='ocrx_word' id='word_1_6' title='bbox 1119 590 1271 668; x_wconf 78' lang='lat' dir='ltr'>apud</span> <span class='ocrx_word' id='word_1_7' title='bbox 1306 590 1669 667; x_wconf 71' lang='lat' dir='ltr'>Meqarenses</span> <span class='ocrx_word' id='word_1_8' title='bbox 1702 589 1902 651; x_wconf 66' lang='lat' dir='ltr'>studia</span> 
     </span>
    </p>
   </div>
   <div class='ocr_carea' id='block_1_3' title="bbox 336 784 2136 2899">
    <p class='ocr_par' dir='ltr' id='par_1_3' title="bbox 336 784 2136 2441">
     <span class='ocr_line' id='line_1_3' title="bbox 420 784 2124 866; baseline 0.002 -22"><span class='ocrx_word' id='word_1_9' title='bbox 420 784 643 864; x_wconf 88' lang='lat' dir='ltr'>Longas</span> <span class='ocrx_word' id='word_1_10' title='bbox 672 785 794 845; x_wconf 90' lang='lat' dir='ltr'>illas</span> <span class='ocrx_word' id='word_1_11' title='bbox 831 786 1129 846; x_wconf 72' lang='lat' dir='ltr'>Pausaniae</span> <span class='ocrx_word' id='word_1_12' title='bbox 1167 786 1579 865; x_wconf 79' lang='lat' dir='ltr'>descriptiones</span> <span class='ocrx_word' id='word_1_13' title='bbox 1614 796 1711 847; x_wconf 90' lang='lat' dir='ltr'>aut</span> <span class='ocrx_word' id='word_1_14' title='bbox 1745 788 1952 866; x_wconf 86' lang='lat' dir='ltr'>saepius</span> <span class='ocrx_word' id='word_1_15' title='bbox 1981 807 2124 847; x_wconf 85' lang='lat' dir='ltr'>enu-</span> 
     </span>
     <span class='ocr_line' id='line_1_4' title="bbox 340 896 2127 977; baseline 0.002 -22"><span class='ocrx_word' id='word_1_16' title='bbox 340 896 682 957; x_wconf 89' lang='lat' dir='ltr'>merationes</span> <span class='ocrx_word' id='word_1_17' title='bbox 712 916 890 975; x_wconf 90' lang='lat' dir='ltr'>quum</span> <span class='ocrx_word' id='word_1_18' title='bbox 921 897 1194 976; x_wconf 82' lang='lat' dir='ltr'>legimuS‚</span> <span class='ocrx_word' id='word_1_19' title='bbox 1236 898 1515 958; x_wconf 80' lang='lat' dir='ltr'>miramur</span> <span class='ocrx_word' id='word_1_20' title='bbox 1552 908 1820 977; x_wconf 88' lang='lat' dir='ltr'>quantam</span> <span class='ocrx_word' id='word_1_21' title='bbox 1853 899 2127 959; x_wconf 88' lang='lat' dir='ltr'>aedificio-</span> 
     </span>
     <span class='ocr_line' id='line_1_5' title="bbox 340 1009 2131 1088; baseline 0.002 -20"><span class='ocrx_word' id='word_1_22' title='bbox 340 1028 472 1069; x_wconf 90' lang='lat' dir='ltr'>rum</span> <span class='ocrx_word' id='word_1_23' title='bbox 515 1018 1139 1088; x_wconf 80' lang='lat' dir='ltr'>monumentorumque</span> <span class='ocrx_word' id='word_1_24' title='bbox 1168 1009 1596 1070; x_wconf 82' lang='lat' dir='ltr'>multitudinem</span> <span class='ocrx_word' id='word_1_25' title='bbox 1621 1012 1672 1071; x_wconf 91' lang='lat' dir='ltr'>ei</span> <span class='ocrx_word' id='word_1_26' title='bbox 1709 1011 2018 1072; x_wconf 89' lang='lat' dir='ltr'>obtulerint</span> <span class='ocrx_word' id='word_1_27' title='bbox 2045 1012 2131 1071; x_wconf 92' lang='lat' dir='ltr'>vel</span> 
     </span>
     <span class='ocr_line' id='line_1_6' title="bbox 339 1119 2126 1200; baseline 0.002 -20"><span class='ocrx_word' id='word_1_28' title='bbox 339 1119 595 1180; x_wconf 88' lang='lat' dir='ltr'>minimae</span> <span class='ocrx_word' id='word_1_29' title='bbox 621 1119 888 1180; x_wconf 84' lang='lat' dir='ltr'>civitates.</span> <span class='ocrx_word' id='word_1_30' title='bbox 939 1120 1136 1198; x_wconf 90' lang='lat' dir='ltr'>Neque</span> <span class='ocrx_word' id='word_1_31' title='bbox 1160 1120 1383 1199; x_wconf 82' lang='lat' dir='ltr'>Megara</span> <span class='ocrx_word' id='word_1_32' title='bbox 1412 1122 1662 1200; x_wconf 87' lang='lat' dir='ltr'>profecto</span> <span class='ocrx_word' id='word_1_33' title='bbox 1685 1123 1781 1182; x_wconf 87' lang='lat' dir='ltr'>tali</span> <span class='ocrx_word' id='word_1_34' title='bbox 1820 1142 2126 1183; x_wconf 88' lang='lat' dir='ltr'>ornamen-</span> 
     </span>
     <span class='ocr_line' id='line_1_7' title="bbox 338 1230 2132 1313; baseline 0.002 -22"><span class='ocrx_word' id='word_1_35' title='bbox 338 1241 531 1291; x_wconf 85' lang='lat' dir='ltr'>torum</span> <span class='ocrx_word' id='word_1_36' title='bbox 567 1230 730 1311; x_wconf 76' lang='lat' dir='ltr'>copia</span> <span class='ocrx_word' id='word_1_37' title='bbox 789 1251 982 1291; x_wconf 90' lang='lat' dir='ltr'>carere</span> <span class='ocrx_word' id='word_1_38' title='bbox 1027 1232 1243 1311; x_wconf 80' lang='lat' dir='ltr'>potuit,</span> <span class='ocrx_word' id='word_1_39' title='bbox 1283 1242 1478 1313; x_wconf 82' lang='lat' dir='ltr'>utpote</span> <span class='ocrx_word' id='word_1_40' title='bbox 1529 1254 1655 1313; x_wconf 89' lang='lat' dir='ltr'>quae</span> <span class='ocrx_word' id='word_1_41' title='bbox 1706 1234 1854 1295; x_wconf 88' lang='lat' dir='ltr'>inter</span> <span class='ocrx_word' id='word_1_42' title='bbox 1905 1235 2132 1295; x_wconf 88' lang='lat' dir='ltr'>Graecas</span> 
     </span>
     <span class='ocr_line' id='line_1_8' title="bbox 339 1343 2131 1406; baseline 0.001 -3"><span class='ocrx_word' id='word_1_43' title='bbox 339 1343 510 1404; x_wconf 89' lang='lat' dir='ltr'>urbes</span> <span class='ocrx_word' id='word_1_44' title='bbox 539 1343 690 1403; x_wconf 91' lang='lat' dir='ltr'>haud</span> <span class='ocrx_word' id='word_1_45' title='bbox 714 1343 980 1403; x_wconf 89' lang='lat' dir='ltr'>infimum</span> <span class='ocrx_word' id='word_1_46' title='bbox 1000 1344 1192 1404; x_wconf 89' lang='lat' dir='ltr'>locum</span> <span class='ocrx_word' id='word_1_47' title='bbox 1218 1345 1520 1406; x_wconf 90' lang='lat' dir='ltr'>obtineret.</span> <span class='ocrx_word' id='word_1_48' title='bbox 1558 1345 1837 1405; x_wconf 87' lang='lat' dir='ltr'>Caeterum</span> <span class='ocrx_word' id='word_1_49' title='bbox 1865 1346 2131 1406; x_wconf 90' lang='lat' dir='ltr'>celebrati</span> 
     </span>
     <span class='ocr_line' id='line_1_9' title="bbox 337 1455 2128 1538; baseline 0.002 -23"><span class='ocrx_word' id='word_1_50' title='bbox 337 1455 697 1534; x_wconf 81' lang='lat' dir='ltr'>Megarenses</span> <span class='ocrx_word' id='word_1_51' title='bbox 748 1466 985 1538; x_wconf 91' lang='lat' dir='ltr'>propter</span> <span class='ocrx_word' id='word_1_52' title='bbox 1032 1458 1351 1519; x_wconf 84' lang='lat' dir='ltr'>aedificandi</span> <span class='ocrx_word' id='word_1_53' title='bbox 1387 1476 1675 1532; x_wconf 78' lang='lat' dir='ltr'>amorem,</span> <span class='ocrx_word' id='word_1_54' title='bbox 1712 1458 1804 1518; x_wconf 90' lang='lat' dir='ltr'>cui</span> <span class='ocrx_word' id='word_1_55' title='bbox 1834 1476 1951 1517; x_wconf 89' lang='lat' dir='ltr'>non</span> <span class='ocrx_word' id='word_1_56' title='bbox 2000 1478 2128 1518; x_wconf 91' lang='lat' dir='ltr'>me-</span> 
     </span>
     <span class='ocr_line' id='line_1_10' title="bbox 337 1567 2127 1650; baseline 0.001 -22"><span class='ocrx_word' id='word_1_57' title='bbox 337 1567 559 1629; x_wconf 91' lang='lat' dir='ltr'>diocres</span> <span class='ocrx_word' id='word_1_58' title='bbox 639 1589 776 1650; x_wconf 89' lang='lat' dir='ltr'>opes</span> <span class='ocrx_word' id='word_1_59' title='bbox 844 1572 1221 1650; x_wconf 84' lang='lat' dir='ltr'>suppetebant</span> <span class='ocrx_word' id='word_1_60' title='bbox 1293 1571 1428 1631; x_wconf 89' lang='lat' dir='ltr'>ditia</span> <span class='ocrx_word' id='word_1_61' title='bbox 1495 1590 1696 1631; x_wconf 91' lang='lat' dir='ltr'>eorum</span> <span class='ocrx_word' id='word_1_62' title='bbox 1759 1571 2127 1630; x_wconf 90' lang='lat' dir='ltr'>commercia.</span> 
     </span>
     <span class='ocr_line' id='line_1_11' title="bbox 337 1680 2130 1762; baseline -0.001 -21"><span class='ocrx_word' id='word_1_63' title='bbox 337 1680 530 1762; x_wconf 87' lang='lat' dir='ltr'>Itaque</span> <span class='ocrx_word' id='word_1_64' title='bbox 569 1701 664 1742; x_wconf 88' lang='lat' dir='ltr'>eos</span> <span class='ocrx_word' id='word_1_65' title='bbox 702 1683 968 1743; x_wconf 88' lang='lat' dir='ltr'>laudabat</span> <span class='ocrx_word' id='word_1_66' title='bbox 1013 1682 1330 1743; x_wconf 87' lang='lat' dir='ltr'>Isocrates¹</span> <span class='ocrx_word' id='word_1_67' title='bbox 1383 1691 1446 1743; x_wconf 92' lang='lat' dir='ltr'>ut</span> <span class='ocrx_word' id='word_1_68' title='bbox 1491 1682 1752 1743; x_wconf 88' lang='lat' dir='ltr'>maximis</span> <span class='ocrx_word' id='word_1_69' title='bbox 1783 1695 1788 1698; x_wconf 85' lang='grc'><em>·</em></span> <span class='ocrx_word' id='word_1_70' title='bbox 1815 1682 1963 1742; x_wconf 89' lang='lat' dir='ltr'>inter</span> <span class='ocrx_word' id='word_1_71' title='bbox 1997 1682 2130 1741; x_wconf 92' lang='lat' dir='ltr'>uni-</span> 
     </span>
     <span class='ocr_line' id='line_1_12' title="bbox 338 1795 2131 1875; baseline 0.001 -22"><span class='ocrx_word' id='word_1_72' title='bbox 338 1813 528 1856; x_wconf 92' lang='lat' dir='ltr'>versos</span> <span class='ocrx_word' id='word_1_73' title='bbox 566 1796 796 1857; x_wconf 87' lang='lat' dir='ltr'>Graecos</span> <span class='ocrx_word' id='word_1_74' title='bbox 833 1796 1102 1856; x_wconf 87' lang='lat' dir='ltr'>domibus</span> <span class='ocrx_word' id='word_1_75' title='bbox 1132 1796 1389 1875; x_wconf 83' lang='lat' dir='ltr'>inclytos.</span> <span class='ocrx_word' id='word_1_76' title='bbox 1431 1796 1503 1855; x_wconf 90' lang='lat' dir='ltr'>Et</span> <span class='ocrx_word' id='word_1_77' title='bbox 1531 1796 1711 1856; x_wconf 90' lang='lat' dir='ltr'>multo</span> <span class='ocrx_word' id='word_1_78' title='bbox 1742 1804 1871 1855; x_wconf 90' lang='lat' dir='ltr'>ante</span> <span class='ocrx_word' id='word_1_79' title='bbox 1894 1844 1908 1868; x_wconf 84' lang='lat'>‚</span> <span class='ocrx_word' id='word_1_80' title='bbox 1938 1795 2131 1872; x_wconf 91' lang='lat' dir='ltr'>Mega-</span> 
     </span>
     <span class='ocr_line' id='line_1_13' title="bbox 339 1908 2136 1990; baseline 0.001 -23"><span class='ocrx_word' id='word_1_81' title='bbox 339 1928 565 1970; x_wconf 90' lang='lat' dir='ltr'>rensem</span> <span class='ocrx_word' id='word_1_82' title='bbox 627 1910 977 1990; x_wconf 88' lang='lat' dir='ltr'>Eupalinum</span> <span class='ocrx_word' id='word_1_83' title='bbox 1008 1959 1021 1984; x_wconf 90' lang='lat'>‚</span> <span class='ocrx_word' id='word_1_84' title='bbox 1105 1910 1456 1990; x_wconf 90' lang='lat' dir='ltr'>Naustrophi</span> <span class='ocrx_word' id='word_1_85' title='bbox 1532 1909 1714 1969; x_wconf 84' lang='lat' dir='ltr'>filium</span> <span class='ocrx_word' id='word_1_86' title='bbox 1742 1958 1755 1983; x_wconf 90' lang='lat'>‚</span> <span class='ocrx_word' id='word_1_87' title='bbox 1814 1908 2136 1968; x_wconf 89' lang='lat' dir='ltr'>Herodotus</span> 
     </span>
     <span class='ocr_line' id='line_1_14' title="bbox 338 2021 2133 2104; baseline -0.001 -22"><span class='ocrx_word' id='word_1_88' title='bbox 338 2024 566 2082; x_wconf 76' lang='lat' dir='ltr'>summa</span> <span class='ocrx_word' id='word_1_89' title='bbox 595 2022 976 2085; x_wconf 87' lang='lat' dir='ltr'>admiratione</span> <span class='ocrx_word' id='word_1_90' title='bbox 1019 2022 1458 2104; x_wconf 81' lang='lat' dir='ltr'>praedicaverat,</span> <span class='ocrx_word' id='word_1_91' title='bbox 1506 2022 1677 2082; x_wconf 88' lang='lat' dir='ltr'>unius</span> <span class='ocrx_word' id='word_1_92' title='bbox 1704 2041 1735 2081; x_wconf 95' lang='lat' dir='ltr'>e</span> <span class='ocrx_word' id='word_1_93' title='bbox 1764 2021 1949 2081; x_wconf 89' lang='lat' dir='ltr'>tribus</span> <span class='ocrx_word' id='word_1_94' title='bbox 2006 2039 2133 2080; x_wconf 92' lang='lat' dir='ltr'>ma-</span> 
     </span>
     <span class='ocr_line' id='line_1_15' title="bbox 336 2134 2135 2216; baseline 0 -23"><span class='ocrx_word' id='word_1_95' title='bbox 336 2134 504 2195; x_wconf 87' lang='lat' dir='ltr'>ximis</span> <span class='ocrx_word' id='word_1_96' title='bbox 526 2154 652 2214; x_wconf 89' lang='lat' dir='ltr'>quae</span> <span class='ocrx_word' id='word_1_97' title='bbox 670 2155 925 2215; x_wconf 90' lang='lat' dir='ltr'>unquam</span> <span class='ocrx_word' id='word_1_98' title='bbox 942 2136 1173 2197; x_wconf 87' lang='lat' dir='ltr'>vidisset</span> <span class='ocrx_word' id='word_1_99' title='bbox 1197 2136 1468 2216; x_wconf 87' lang='lat' dir='ltr'>operibus</span> <span class='ocrx_word' id='word_1_100' title='bbox 1484 2134 1862 2195; x_wconf 80' lang='lat' dir='ltr'>architectum</span> <span class='ocrx_word' id='word_1_101' title='bbox 1881 2157 1894 2209; x_wconf 90' lang='lat'>;</span> <span class='ocrx_word' id='word_1_102' title='bbox 1927 2153 2057 2195; x_wconf 91' lang='lat' dir='ltr'>nem</span> <span class='ocrx_word' id='word_1_103' title='bbox 2066 2153 2135 2213; x_wconf 90' lang='lat' dir='ltr'>pe</span> 
     </span>
     <span class='ocr_line' id='line_1_16' title="bbox 339 2226 2136 2328; baseline -0.002 -19"><span class='ocrx_word' id='word_1_104' title='bbox 339 2226 692 2309; x_wconf 88' lang='lat' dir='ltr'>subterranei</span> <span class='ocrx_word' id='word_1_105' title='bbox 719 2248 870 2309; x_wconf 89' lang='lat' dir='ltr'>illius</span> <span class='ocrx_word' id='word_1_106' title='bbox 901 2249 1112 2309; x_wconf 86' lang='lat' dir='ltr'>canalis</span> <span class='ocrx_word' id='word_1_107' title='bbox 1136 2298 1149 2324; x_wconf 83' lang='lat'>‚</span> <span class='ocrx_word' id='word_1_108' title='bbox 1199 2268 1310 2328; x_wconf 90' lang='lat' dir='ltr'>quo</span> <span class='ocrx_word' id='word_1_109' title='bbox 1341 2249 1552 2308; x_wconf 90' lang='lat' dir='ltr'>montis</span> <span class='ocrx_word' id='word_1_110' title='bbox 1583 2248 1679 2308; x_wconf 91' lang='lat' dir='ltr'>alti</span> <span class='ocrx_word' id='word_1_111' title='bbox 1714 2247 1772 2306; x_wconf 92' lang='lat' dir='ltr'>in</span> <span class='ocrx_word' id='word_1_112' title='bbox 1824 2246 2136 2307; x_wconf 89' lang='lat' dir='ltr'>visceribus</span> 
     </span>
     <span class='ocr_line' id='line_1_17' title="bbox 338 2357 2129 2441; baseline -0.003 -21"><span class='ocrx_word' id='word_1_113' title='bbox 338 2379 442 2440; x_wconf 91' lang='lat' dir='ltr'>per</span> <span class='ocrx_word' id='word_1_114' title='bbox 469 2369 689 2440; x_wconf 88' lang='lat' dir='ltr'>septem</span> <span class='ocrx_word' id='word_1_115' title='bbox 716 2360 892 2420; x_wconf 87' lang='lat' dir='ltr'>stadia</span> <span class='ocrx_word' id='word_1_116' title='bbox 906 2361 1187 2441; x_wconf 90' lang='lat' dir='ltr'>producto</span> <span class='ocrx_word' id='word_1_117' title='bbox 1206 2362 1276 2421; x_wconf 90' lang='lat' dir='ltr'>ad</span> <span class='ocrx_word' id='word_1_118' title='bbox 1300 2360 1521 2421; x_wconf 85' lang='lat' dir='ltr'>Samios</span> <span class='ocrx_word' id='word_1_119' title='bbox 1543 2379 1702 2439; x_wconf 87' lang='lat' dir='ltr'>aquae</span> <span class='ocrx_word' id='word_1_120' title='bbox 1727 2357 2129 2419; x_wconf 78' lang='lat' dir='ltr'>vehebantur2.</span> 
     </span>
    </p>

    <p class='ocr_par' dir='ltr' id='par_1_4' title="bbox 338 2474 2132 2899">
     <span class='ocr_line' id='line_1_18' title="bbox 420 2474 2132 2555; baseline -0.001 -21"><span class='ocrx_word' id='word_1_121' title='bbox 420 2474 486 2534; x_wconf 90' lang='lat' dir='ltr'>In</span> <span class='ocrx_word' id='word_1_122' title='bbox 517 2475 641 2555; x_wconf 77' lang='lat' dir='ltr'>ipsa</span> <span class='ocrx_word' id='word_1_123' title='bbox 670 2475 813 2536; x_wconf 90' lang='lat' dir='ltr'>urbe</span> <span class='ocrx_word' id='word_1_124' title='bbox 849 2476 1074 2554; x_wconf 71' lang='lat' dir='ltr'>Megara</span> <span class='ocrx_word' id='word_1_125' title='bbox 1104 2476 1283 2536; x_wconf 89' lang='lat' dir='ltr'>multa</span> <span class='ocrx_word' id='word_1_126' title='bbox 1315 2475 1558 2535; x_wconf 89' lang='lat' dir='ltr'>aedificia</span> <span class='ocrx_word' id='word_1_127' title='bbox 1605 2476 1675 2535; x_wconf 92' lang='lat' dir='ltr'>ab</span> <span class='ocrx_word' id='word_1_128' title='bbox 1711 2474 1955 2553; x_wconf 89' lang='lat' dir='ltr'>antiquis</span> <span class='ocrx_word' id='word_1_129' title='bbox 1983 2482 2132 2533; x_wconf 89' lang='lat' dir='ltr'>tem-</span> 
     </span>
     <span class='ocr_line' id='line_1_19' title="bbox 338 2587 2132 2669; baseline -0.001 -20"><span class='ocrx_word' id='word_1_130' title='bbox 338 2588 575 2669; x_wconf 89' lang='lat' dir='ltr'>poribus</span> <span class='ocrx_word' id='word_1_131' title='bbox 612 2597 892 2650; x_wconf 85' lang='lat' dir='ltr'>exstructa</span> <span class='ocrx_word' id='word_1_132' title='bbox 941 2598 1115 2650; x_wconf 89' lang='lat' dir='ltr'>erant.</span> <span class='ocrx_word' id='word_1_133' title='bbox 1175 2588 1467 2669; x_wconf 87' lang='lat' dir='ltr'>Imprimis</span> <span class='ocrx_word' id='word_1_134' title='bbox 1518 2589 1757 2649; x_wconf 87' lang='lat' dir='ltr'>miratur</span> <span class='ocrx_word' id='word_1_135' title='bbox 1822 2587 2132 2648; x_wconf 88' lang='lat' dir='ltr'>Pausanias</span> 
     </span>
     <span class='ocr_line' id='line_1_20' title="bbox 339 2702 2132 2784; baseline -0.001 -21"><span class='ocrx_word' id='word_1_136' title='bbox 339 2703 658 2782; x_wconf 87' lang='lat' dir='ltr'>Theagenis</span> <span class='ocrx_word' id='word_1_137' title='bbox 690 2703 934 2764; x_wconf 87' lang='lat' dir='ltr'>Fontem</span> <span class='ocrx_word' id='word_1_138' title='bbox 957 2753 970 2778; x_wconf 83' lang='lat'>‚</span> <span class='ocrx_word' id='word_1_139' title='bbox 1007 2723 1179 2782; x_wconf 91' lang='lat' dir='ltr'>quem</span> <span class='ocrx_word' id='word_1_140' title='bbox 1210 2703 1305 2763; x_wconf 91' lang='lat' dir='ltr'>hic</span> <span class='ocrx_word' id='word_1_141' title='bbox 1352 2712 1624 2784; x_wconf 80' lang='lat' dir='ltr'>tyrannus</span> <span class='ocrx_word' id='word_1_142' title='bbox 1647 2752 1660 2777; x_wconf 85' lang='lat'>,</span> <span class='ocrx_word' id='word_1_143' title='bbox 1729 2702 1976 2762; x_wconf 88' lang='lat' dir='ltr'>devectis</span> <span class='ocrx_word' id='word_1_144' title='bbox 2041 2702 2132 2761; x_wconf 85' lang='lat' dir='ltr'>Si-</span> 
     </span>
     <span class='ocr_line' id='line_1_21' title="bbox 341 2818 2131 2899; baseline -0.001 -21"><span class='ocrx_word' id='word_1_145' title='bbox 341 2818 604 2880; x_wconf 88' lang='lat' dir='ltr'>thnidum</span> <span class='ocrx_word' id='word_1_146' title='bbox 647 2818 1031 2899; x_wconf 83' lang='lat' dir='ltr'>nympharum</span> <span class='ocrx_word' id='word_1_147' title='bbox 1081 2818 1281 2894; x_wconf 80' lang='lat' dir='ltr'>undiS‚</span> <span class='ocrx_word' id='word_1_148' title='bbox 1322 2818 1711 2897; x_wconf 81' lang='lat' dir='ltr'>magnitudine</span> <span class='ocrx_word' id='word_1_149' title='bbox 1741 2867 1754 2891; x_wconf 85' lang='lat'>,</span> <span class='ocrx_word' id='word_1_150' title='bbox 1805 2819 1977 2891; x_wconf 81' lang='lat' dir='ltr'>luxu,</span> <span class='ocrx_word' id='word_1_151' title='bbox 2032 2837 2131 2877; x_wconf 94' lang='lat' dir='ltr'>co—</span> 
     </span>
    </p>
   </div>
   <div class='ocr_carea' id='block_1_4' title="bbox 340 3078 2136 3495">
    <p class='ocr_par' dir='ltr' id='par_1_5' title="bbox 409 3078 843 3129">
     <span class='ocr_line' id='line_1_22' title="bbox 409 3078 843 3129; baseline 0.007 -3"><span class='ocrx_word' id='word_1_152' title='bbox 409 3082 421 3108; x_wconf 90' lang='lat'>¹</span> <span class='ocrx_word' id='word_1_153' title='bbox 461 3078 529 3127; x_wconf 89' lang='lat' dir='ltr'>De</span> <span class='ocrx_word' id='word_1_154' title='bbox 555 3079 700 3129; x_wconf 60' lang='lat' dir='ltr'>Pace.⁴</span> <span class='ocrx_word' id='word_1_155' title='bbox 727 3080 843 3129; x_wconf 73' lang='lat'>485.</span> 
     </span>
    </p>

    <p class='ocr_par' dir='ltr' id='par_1_6' title="bbox 340 3164 2136 3495">
     <span class='ocr_line' id='line_1_23' title="bbox 407 3164 2136 3231; baseline -0.001 -17"><span class='ocrx_word' id='word_1_156' title='bbox 407 3170 425 3194; x_wconf 81' lang='lat'>²</span> <span class='ocrx_word' id='word_1_157' title='bbox 462 3166 700 3216; x_wconf 89' lang='lat' dir='ltr'>Herodot.</span> <span class='ocrx_word' id='word_1_158' title='bbox 728 3166 816 3226; x_wconf 91' lang='grc' dir='ltr'>ΙΙΙ,</span> <span class='ocrx_word' id='word_1_159' title='bbox 858 3168 939 3216; x_wconf 85' lang='grc'>60.</span> <span class='ocrx_word' id='word_1_160' title='bbox 969 3167 1199 3230; x_wconf 86' lang='lat' dir='ltr'>Eupalini</span> <span class='ocrx_word' id='word_1_161' title='bbox 1248 3181 1407 3230; x_wconf 84' lang='lat' dir='ltr'>opuS,</span> <span class='ocrx_word' id='word_1_162' title='bbox 1461 3182 1623 3231; x_wconf 88' lang='lat' dir='ltr'>nuper</span> <span class='ocrx_word' id='word_1_163' title='bbox 1670 3167 1818 3216; x_wconf 89' lang='lat' dir='ltr'>unius</span> <span class='ocrx_word' id='word_1_164' title='bbox 1857 3182 1884 3216; x_wconf 94' lang='lat' dir='ltr'>e</span> <span class='ocrx_word' id='word_1_165' title='bbox 1919 3164 2041 3214; x_wconf 90' lang='lat' dir='ltr'>meis</span> <span class='ocrx_word' id='word_1_166' title='bbox 2084 3165 2136 3212; x_wconf 90' lang='lat' dir='ltr'>in</span> 
     </span>
     <span class='ocr_line' id='line_1_24' title="bbox 340 3252 2133 3319; baseline -0.002 -17"><span class='ocrx_word' id='word_1_167' title='bbox 340 3253 524 3302; x_wconf 70' lang='lat' dir='ltr'>Gallica</span> <span class='ocrx_word' id='word_1_168' title='bbox 549 3254 851 3304; x_wconf 85' lang='lat' dir='ltr'>Athenarum</span> <span class='ocrx_word' id='word_1_169' title='bbox 877 3254 1046 3305; x_wconf 66' lang='lat' dir='ltr'>schola</span> <span class='ocrx_word' id='word_1_170' title='bbox 1072 3255 1281 3319; x_wconf 83' lang='lat' dir='ltr'>collegis</span> <span class='ocrx_word' id='word_1_171' title='bbox 1313 3252 1367 3302; x_wconf 89' lang='lat' dir='ltr'>V.</span> <span class='ocrx_word' id='word_1_172' title='bbox 1397 3253 1573 3303; x_wconf 71' lang='grc' dir='ltr'>(ἶιιένὶη</span> <span class='ocrx_word' id='word_1_173' title='bbox 1598 3254 1716 3303; x_wconf 71' lang='lat' dir='ltr'>cura</span> <span class='ocrx_word' id='word_1_174' title='bbox 1741 3263 1984 3304; x_wconf 87' lang='lat' dir='ltr'>retectum</span> <span class='ocrx_word' id='word_1_175' title='bbox 2001 3290 2014 3312; x_wconf 92' lang='lat'>‚</span> <span class='ocrx_word' id='word_1_176' title='bbox 2031 3253 2133 3315; x_wconf 88' lang='lat' dir='ltr'>jam</span> 
     </span>
     <span class='ocr_line' id='line_1_25' title="bbox 342 3327 2130 3404; baseline -0.002 -14"><span class='ocrx_word' id='word_1_177' title='bbox 342 3341 587 3404; x_wconf 87' lang='lat' dir='ltr'>inspicere</span> <span class='ocrx_word' id='word_1_178' title='bbox 610 3341 816 3391; x_wconf 85' lang='lat' dir='ltr'>cuilibet</span> <span class='ocrx_word' id='word_1_179' title='bbox 843 3342 1028 3392; x_wconf 87' lang='lat' dir='ltr'>volenti</span> <span class='ocrx_word' id='word_1_180' title='bbox 1067 3327 1204 3404; x_wconf 74' lang='lat' dir='ltr'>patet</span> <span class='ocrx_word' id='word_1_181' title='bbox 1221 3379 1232 3400; x_wconf 93' lang='lat'><strong><em>‚</em></strong></span> <span class='ocrx_word' id='word_1_182' title='bbox 1268 3342 1416 3404; x_wconf 85' lang='lat' dir='ltr'>quale</span> <span class='ocrx_word' id='word_1_183' title='bbox 1441 3342 1503 3390; x_wconf 90' lang='lat' dir='ltr'>ab</span> <span class='ocrx_word' id='word_1_184' title='bbox 1528 3342 1783 3391; x_wconf 87' lang='lat' dir='ltr'>Herodoto</span> <span class='ocrx_word' id='word_1_185' title='bbox 1809 3340 2130 3390; x_wconf 87' lang='lat' dir='ltr'>describitur.</span> 
     </span>
     <span class='ocr_line' id='line_1_26' title="bbox 344 3425 2135 3495; baseline -0.003 -19"><span class='ocrx_word' id='word_1_186' title='bbox 344 3427 452 3478; x_wconf 88' lang='lat' dir='ltr'>Vid.</span> <span class='ocrx_word' id='word_1_187' title='bbox 479 3427 694 3494; x_wconf 82' lang='lat' dir='ltr'>Rapport</span> <span class='ocrx_word' id='word_1_188' title='bbox 718 3428 748 3477; x_wconf 85' lang='grc' dir='ltr'><em>ὰ</em></span> <span class='ocrx_word' id='word_1_189' title='bbox 773 3428 959 3478; x_wconf 83' lang='lat' dir='ltr'>l’Acad.</span> <span class='ocrx_word' id='word_1_190' title='bbox 989 3429 1069 3478; x_wconf 82' lang='lat' dir='ltr'>des</span> <span class='ocrx_word' id='word_1_191' title='bbox 1092 3428 1314 3495; x_wconf 76' lang='lat' dir='ltr'>Inscript.</span> <span class='ocrx_word' id='word_1_192' title='bbox 1335 3439 1379 3476; x_wconf 81' lang='lat' dir='ltr'>et</span> <span class='ocrx_word' id='word_1_193' title='bbox 1398 3427 1783 3487; x_wconf 79' lang='lat' dir='ltr'>Belles-Leltres‚</span> <span class='ocrx_word' id='word_1_194' title='bbox 1800 3427 1864 3475; x_wconf 66' lang='lat'>25</span> <span class='ocrx_word' id='word_1_195' title='bbox 1887 3425 2135 3476; x_wconf 78' lang='lat' dir='ltr'>novembre</span> 
     </span>
    </p>
   </div>
   <div class='ocr_carea' id='block_1_5' title="bbox 348 3513 1966 3582">
    <p class='ocr_par' dir='ltr' id='par_1_7' title="bbox 348 3513 1966 3582">
     <span class='ocr_line' id='line_1_27' title="bbox 348 3513 1966 3582; baseline 0 -19"><span class='ocrx_word' id='word_1_196' title='bbox 348 3513 500 3576; x_wconf 76' lang='lat'><strong><em>1853,</em></strong></span> <span class='ocrx_word' id='word_1_197' title='bbox 529 3515 648 3566; x_wconf 83' lang='lat' dir='ltr'>dans</span> <span class='ocrx_word' id='word_1_198' title='bbox 672 3515 739 3566; x_wconf 80' lang='lat' dir='ltr'>les</span> <span class='ocrx_word' id='word_1_199' title='bbox 762 3516 988 3567; x_wconf 78' lang='lat' dir='ltr'>Archives</span> <span class='ocrx_word' id='word_1_200' title='bbox 1012 3517 1092 3566; x_wconf 82' lang='lat' dir='ltr'>des</span> <span class='ocrx_word' id='word_1_201' title='bbox 1116 3515 1365 3577; x_wconf 73' lang='grc' dir='ltr'><strong><em>Μὶεεὶοηε,</em></strong></span> <span class='ocrx_word' id='word_1_202' title='bbox 1395 3527 1509 3566; x_wconf 82' lang='lat' dir='ltr'>tom.</span> <span class='ocrx_word' id='word_1_203' title='bbox 1538 3515 1639 3576; x_wconf 89' lang='lat'><em>111,</em></span> <span class='ocrx_word' id='word_1_204' title='bbox 1667 3533 1715 3582; x_wconf 84' lang='lat' dir='ltr'>p.</span> <span class='ocrx_word' id='word_1_205' title='bbox 1743 3515 1841 3564; x_wconf 67' lang='lat'>474</span> <span class='ocrx_word' id='word_1_206' title='bbox 1864 3531 1966 3580; x_wconf 82' lang='lat' dir='ltr'>sqq.</span> 
     </span>
    </p>
   </div>
  </div>
 </body>
</html>
