<?xml version="1.0" encoding="UTF-8"?>
<!DOCTYPE html PUBLIC "-//W3C//DTD XHTML 1.0 Transitional//EN"
    "http://www.w3.org/TR/xhtml1/DTD/xhtml1-transitional.dtd">
<html xmlns="http://www.w3.org/1999/xhtml" xml:lang="en" lang="en">
 <head>
  <title>
</title>
<meta http-equiv="Content-Type" content="text/html;charset=utf-8" />
  <meta name='ocr-system' content='tesseract 3.04.00' />
  <meta name='ocr-capabilities' content='ocr_page ocr_carea ocr_par ocr_line ocrx_word'/>
</head>
<body>
  <div class='ocr_page' id='page_1' title='image "./demegarensiuming00gira_0121.png"; bbox 0 0 2800 4368; ppageno 0'>
   <div class='ocr_carea' id='block_1_1' title="bbox 930 864 1534 955">
    <p class='ocr_par' dir='ltr' id='par_1_1' title="bbox 930 864 1534 955">
     <span class='ocr_line' id='line_1_1' title="bbox 930 864 1534 955; baseline 0.002 -4"><span class='ocrx_word' id='word_1_1' title='bbox 930 864 1534 955; x_wconf 86' lang='lat' dir='ltr'><strong>CONCLUSIO.</strong></span> 
     </span>
    </p>
   </div>
   <div class='ocr_carea' id='block_1_2' title="bbox 321 1445 2114 3569">
    <p class='ocr_par' dir='ltr' id='par_1_2' title="bbox 321 1445 2114 2418">
     <span class='ocr_line' id='line_1_2' title="bbox 411 1445 2105 1530; baseline 0.004 -24"><span class='ocrx_word' id='word_1_2' title='bbox 411 1445 550 1514; x_wconf 81' lang='lat' dir='ltr'>Quae</span> <span class='ocrx_word' id='word_1_3' title='bbox 574 1445 743 1506; x_wconf 87' lang='lat' dir='ltr'>fuerit</span> <span class='ocrx_word' id='word_1_4' title='bbox 764 1446 1181 1524; x_wconf 79' lang='lat' dir='ltr'>Megarensium</span> <span class='ocrx_word' id='word_1_5' title='bbox 1201 1448 1308 1509; x_wconf 88' lang='lat' dir='ltr'>vita</span> <span class='ocrx_word' id='word_1_6' title='bbox 1327 1449 1618 1528; x_wconf 79' lang='lat' dir='ltr'>inquirere</span> <span class='ocrx_word' id='word_1_7' title='bbox 1641 1470 1935 1530; x_wconf 78' lang='lat' dir='ltr'>aggressus</span> <span class='ocrx_word' id='word_1_8' title='bbox 1958 1475 2105 1514; x_wconf 88' lang='lat' dir='ltr'>sum.</span> 
     </span>
     <span class='ocr_line' id='line_1_3' title="bbox 326 1561 2109 1644; baseline 0.005 -24"><span class='ocrx_word' id='word_1_9' title='bbox 326 1561 372 1620; x_wconf 89' lang='lat' dir='ltr'>E</span> <span class='ocrx_word' id='word_1_10' title='bbox 403 1569 486 1622; x_wconf 88' lang='lat' dir='ltr'>tot</span> <span class='ocrx_word' id='word_1_11' title='bbox 515 1563 857 1623; x_wconf 89' lang='lat' dir='ltr'>saeculorum</span> <span class='ocrx_word' id='word_1_12' title='bbox 894 1563 1038 1623; x_wconf 92' lang='lat' dir='ltr'>serie</span> <span class='ocrx_word' id='word_1_13' title='bbox 1069 1584 1195 1643; x_wconf 87' lang='lat' dir='ltr'>quae</span> <span class='ocrx_word' id='word_1_14' title='bbox 1224 1566 1510 1644; x_wconf 79' lang='lat' dir='ltr'>percurrit</span> <span class='ocrx_word' id='word_1_15' title='bbox 1534 1565 1762 1644; x_wconf 90' lang='lat' dir='ltr'>antiqua</span> <span class='ocrx_word' id='word_1_16' title='bbox 1795 1587 1992 1628; x_wconf 87' lang='lat' dir='ltr'>eorum</span> <span class='ocrx_word' id='word_1_17' title='bbox 2024 1571 2109 1629; x_wconf 91' lang='lat' dir='ltr'>ci-</span> 
     </span>
     <span class='ocr_line' id='line_1_4' title="bbox 324 1674 2112 1758; baseline 0.004 -24"><span class='ocrx_word' id='word_1_18' title='bbox 324 1674 492 1751; x_wconf 79' lang='lat' dir='ltr'>vitas,</span> <span class='ocrx_word' id='word_1_19' title='bbox 536 1676 786 1756; x_wconf 90' lang='lat' dir='ltr'>profecto</span> <span class='ocrx_word' id='word_1_20' title='bbox 824 1696 941 1737; x_wconf 90' lang='lat' dir='ltr'>non</span> <span class='ocrx_word' id='word_1_21' title='bbox 989 1677 1121 1737; x_wconf 90' lang='lat' dir='ltr'>satis</span> <span class='ocrx_word' id='word_1_22' title='bbox 1167 1678 1343 1738; x_wconf 88' lang='lat' dir='ltr'>multa</span> <span class='ocrx_word' id='word_1_23' title='bbox 1384 1677 1715 1738; x_wconf 84' lang='lat' dir='ltr'>exstiterunt</span> <span class='ocrx_word' id='word_1_24' title='bbox 1747 1699 1871 1758; x_wconf 85' lang='lat' dir='ltr'>quae</span> <span class='ocrx_word' id='word_1_25' title='bbox 1915 1686 2112 1741; x_wconf 75' lang='lat' dir='ltr'>secura</span> 
     </span>
     <span class='ocr_line' id='line_1_5' title="bbox 322 1789 2111 1869; baseline 0.003 -23"><span class='ocrx_word' id='word_1_26' title='bbox 322 1789 434 1849; x_wconf 86' lang='lat' dir='ltr'>fide</span> <span class='ocrx_word' id='word_1_27' title='bbox 465 1789 684 1850; x_wconf 84' lang='lat' dir='ltr'>admitti</span> <span class='ocrx_word' id='word_1_28' title='bbox 721 1790 979 1869; x_wconf 89' lang='lat' dir='ltr'>possint:</span> <span class='ocrx_word' id='word_1_29' title='bbox 1031 1810 1214 1869; x_wconf 85' lang='lat' dir='ltr'>saepe,</span> <span class='ocrx_word' id='word_1_30' title='bbox 1265 1790 1364 1850; x_wconf 91' lang='lat' dir='ltr'>ubi</span> <span class='ocrx_word' id='word_1_31' title='bbox 1403 1790 1699 1851; x_wconf 87' lang='lat' dir='ltr'>manifesta</span> <span class='ocrx_word' id='word_1_32' title='bbox 1729 1791 1932 1854; x_wconf 88' lang='lat' dir='ltr'>indicia</span> <span class='ocrx_word' id='word_1_33' title='bbox 1967 1795 2111 1854; x_wconf 92' lang='lat' dir='ltr'>defi-</span> 
     </span>
     <span class='ocr_line' id='line_1_6' title="bbox 321 1901 2114 1982; baseline 0.003 -21"><span class='ocrx_word' id='word_1_34' title='bbox 321 1901 514 1976; x_wconf 82' lang='lat' dir='ltr'>ciunt,</span> <span class='ocrx_word' id='word_1_35' title='bbox 543 1903 880 1982; x_wconf 74' lang='lat' dir='ltr'>conjectura</span> <span class='ocrx_word' id='word_1_36' title='bbox 908 1903 1206 1963; x_wconf 90' lang='lat' dir='ltr'>utendum.</span> <span class='ocrx_word' id='word_1_37' title='bbox 1251 1902 1546 1977; x_wconf 77' lang='lat' dir='ltr'>Attamen,</span> <span class='ocrx_word' id='word_1_38' title='bbox 1580 1904 1704 1964; x_wconf 44' lang='lat' dir='ltr'>„nisi</span> <span class='ocrx_word' id='word_1_39' title='bbox 1740 1905 1928 1980; x_wconf 83' lang='lat' dir='ltr'>fallor,</span> <span class='ocrx_word' id='word_1_40' title='bbox 1968 1906 2114 1967; x_wconf 90' lang='lat' dir='ltr'>inter</span> 
     </span>
     <span class='ocr_line' id='line_1_7' title="bbox 322 2015 2113 2098; baseline 0.004 -26"><span class='ocrx_word' id='word_1_41' title='bbox 322 2021 536 2074; x_wconf 89' lang='lat' dir='ltr'>veteres</span> <span class='ocrx_word' id='word_1_42' title='bbox 566 2015 811 2094; x_wconf 91' lang='lat' dir='ltr'>populos</span> <span class='ocrx_word' id='word_1_43' title='bbox 846 2015 1013 2094; x_wconf 89' lang='lat' dir='ltr'>pauci</span> <span class='ocrx_word' id='word_1_44' title='bbox 1054 2015 1285 2094; x_wconf 80' lang='lat' dir='ltr'>cognitu</span> <span class='ocrx_word' id='word_1_45' title='bbox 1315 2015 1594 2076; x_wconf 81' lang='lat' dir='ltr'>faciliores</span> <span class='ocrx_word' id='word_1_46' title='bbox 1635 2018 1899 2091; x_wconf 82' lang='lat' dir='ltr'>fuerunt3</span> <span class='ocrx_word' id='word_1_47' title='bbox 1947 2019 2113 2098; x_wconf 92' lang='lat' dir='ltr'>pauci</span> 
     </span>
     <span class='ocr_line' id='line_1_8' title="bbox 323 2125 2110 2207; baseline 0.003 -20"><span class='ocrx_word' id='word_1_48' title='bbox 323 2125 610 2205; x_wconf 83' lang='lat' dir='ltr'>digniores</span> <span class='ocrx_word' id='word_1_49' title='bbox 653 2129 749 2207; x_wconf 90' lang='lat' dir='ltr'>qui</span> <span class='ocrx_word' id='word_1_50' title='bbox 795 2137 1054 2188; x_wconf 88' lang='lat' dir='ltr'>nostrum</span> <span class='ocrx_word' id='word_1_51' title='bbox 1100 2128 1208 2188; x_wconf 89' lang='lat' dir='ltr'>sibi</span> <span class='ocrx_word' id='word_1_52' title='bbox 1259 2128 1511 2188; x_wconf 89' lang='lat' dir='ltr'>studium</span> <span class='ocrx_word' id='word_1_53' title='bbox 1558 2130 1956 2205; x_wconf 80' lang='lat' dir='ltr'>conciliarent,</span> <span class='ocrx_word' id='word_1_54' title='bbox 2013 2152 2110 2192; x_wconf 89' lang='lat' dir='ltr'>seu</span> 
     </span>
     <span class='ocr_line' id='line_1_9' title="bbox 324 2236 2113 2322; baseline 0.002 -22"><span class='ocrx_word' id='word_1_55' title='bbox 324 2240 518 2319; x_wconf 90' lang='lat' dir='ltr'>quales</span> <span class='ocrx_word' id='word_1_56' title='bbox 543 2236 654 2321; x_wconf 89' lang='lat' dir='ltr'>ipsi</span> <span class='ocrx_word' id='word_1_57' title='bbox 676 2242 889 2302; x_wconf 88' lang='lat' dir='ltr'>fuerint</span> <span class='ocrx_word' id='word_1_58' title='bbox 911 2241 1376 2321; x_wconf 83' lang='lat' dir='ltr'>respicientium,</span> <span class='ocrx_word' id='word_1_59' title='bbox 1414 2262 1512 2302; x_wconf 90' lang='lat' dir='ltr'>seu</span> <span class='ocrx_word' id='word_1_60' title='bbox 1538 2243 1705 2303; x_wconf 90' lang='lat' dir='ltr'>etiam</span> <span class='ocrx_word' id='word_1_61' title='bbox 1733 2263 1857 2322; x_wconf 89' lang='lat' dir='ltr'>quae</span> <span class='ocrx_word' id='word_1_62' title='bbox 1881 2244 2113 2304; x_wconf 88' lang='lat' dir='ltr'>nomina</span> 
     </span>
     <span class='ocr_line' id='line_1_10' title="bbox 324 2356 1503 2418; baseline -0.001 -2"><span class='ocrx_word' id='word_1_63' title='bbox 324 2365 551 2417; x_wconf 87' lang='lat' dir='ltr'>externa</span> <span class='ocrx_word' id='word_1_64' title='bbox 575 2357 741 2418; x_wconf 89' lang='lat' dir='ltr'>nobis</span> <span class='ocrx_word' id='word_1_65' title='bbox 770 2357 828 2415; x_wconf 90' lang='lat' dir='ltr'>in</span> <span class='ocrx_word' id='word_1_66' title='bbox 853 2356 1195 2417; x_wconf 88' lang='lat' dir='ltr'>memoriam</span> <span class='ocrx_word' id='word_1_67' title='bbox 1220 2365 1503 2416; x_wconf 86' lang='lat' dir='ltr'>revocent.</span> 
     </span>
    </p>

    <p class='ocr_par' dir='ltr' id='par_1_3' title="bbox 322 2467 2114 3569">
     <span class='ocr_line' id='line_1_11' title="bbox 402 2467 2113 2553; baseline 0.002 -25"><span class='ocrx_word' id='word_1_68' title='bbox 402 2469 581 2530; x_wconf 90' lang='lat' dir='ltr'>Parva</span> <span class='ocrx_word' id='word_1_69' title='bbox 623 2469 716 2528; x_wconf 89' lang='lat' dir='ltr'>illa</span> <span class='ocrx_word' id='word_1_70' title='bbox 760 2488 899 2547; x_wconf 81' lang='lat' dir='ltr'>gens</span> <span class='ocrx_word' id='word_1_71' title='bbox 929 2467 1346 2553; x_wconf 85' lang='lat' dir='ltr'>Megarensium</span> <span class='ocrx_word' id='word_1_72' title='bbox 1389 2472 1618 2528; x_wconf 77' lang='lat' dir='ltr'>strenua</span> <span class='ocrx_word' id='word_1_73' title='bbox 1642 2477 1697 2529; x_wconf 92' lang='lat' dir='ltr'>et</span> <span class='ocrx_word' id='word_1_74' title='bbox 1717 2470 1896 2530; x_wconf 77' lang='lat' dir='ltr'>vivida</span> <span class='ocrx_word' id='word_1_75' title='bbox 1927 2471 2113 2532; x_wconf 92' lang='lat' dir='ltr'>indole</span> 
     </span>
     <span class='ocr_line' id='line_1_12' title="bbox 323 2581 2112 2663; baseline 0.002 -22"><span class='ocrx_word' id='word_1_76' title='bbox 323 2582 612 2663; x_wconf 87' lang='lat' dir='ltr'>imprimis</span> <span class='ocrx_word' id='word_1_77' title='bbox 637 2581 919 2656; x_wconf 83' lang='lat' dir='ltr'>eminuit3</span> <span class='ocrx_word' id='word_1_78' title='bbox 951 2581 1194 2660; x_wconf 91' lang='lat' dir='ltr'>ideoque</span> <span class='ocrx_word' id='word_1_79' title='bbox 1223 2581 1524 2661; x_wconf 88' lang='lat' dir='ltr'>proprium</span> <span class='ocrx_word' id='word_1_80' title='bbox 1556 2582 1663 2642; x_wconf 91' lang='lat' dir='ltr'>sibi</span> <span class='ocrx_word' id='word_1_81' title='bbox 1693 2602 1758 2642; x_wconf 92' lang='lat' dir='ltr'>ac</span> <span class='ocrx_word' id='word_1_82' title='bbox 1783 2602 1911 2643; x_wconf 90' lang='lat' dir='ltr'>vere</span> <span class='ocrx_word' id='word_1_83' title='bbox 1945 2604 2112 2644; x_wconf 90' lang='lat' dir='ltr'>suum</span> 
     </span>
     <span class='ocr_line' id='line_1_13' title="bbox 323 2694 2109 2773; baseline 0 -17"><span class='ocrx_word' id='word_1_84' title='bbox 323 2697 470 2758; x_wconf 89' lang='lat' dir='ltr'>inter</span> <span class='ocrx_word' id='word_1_85' title='bbox 491 2706 728 2757; x_wconf 49' lang='lat' dir='ltr'>‘caeteras</span> <span class='ocrx_word' id='word_1_86' title='bbox 760 2696 953 2756; x_wconf 90' lang='lat' dir='ltr'>locum</span> <span class='ocrx_word' id='word_1_87' title='bbox 995 2694 1304 2755; x_wconf 87' lang='lat' dir='ltr'>constituit.</span> <span class='ocrx_word' id='word_1_88' title='bbox 1342 2695 1453 2754; x_wconf 91' lang='lat' dir='ltr'>Per</span> <span class='ocrx_word' id='word_1_89' title='bbox 1476 2714 1539 2754; x_wconf 91' lang='lat' dir='ltr'>ea</span> <span class='ocrx_word' id='word_1_90' title='bbox 1569 2715 1694 2773; x_wconf 86' lang='lat' dir='ltr'>quae</span> <span class='ocrx_word' id='word_1_91' title='bbox 1721 2696 1790 2755; x_wconf 91' lang='lat' dir='ltr'>de</span> <span class='ocrx_word' id='word_1_92' title='bbox 1814 2696 1966 2756; x_wconf 86' lang='lat' dir='ltr'>illius</span> <span class='ocrx_word' id='word_1_93' title='bbox 1993 2697 2109 2756; x_wconf 84' lang='lat' dir='ltr'>ori-</span> 
     </span>
     <span class='ocr_line' id='line_1_14' title="bbox 322 2807 2106 2890; baseline 0 -21"><span class='ocrx_word' id='word_1_94' title='bbox 322 2810 455 2890; x_wconf 85' lang='lat' dir='ltr'>gine</span> <span class='ocrx_word' id='word_1_95' title='bbox 469 2810 865 2883; x_wconf 55' lang='lat' dir='ltr'>tradebantur5</span> <span class='ocrx_word' id='word_1_96' title='bbox 883 2827 942 2869; x_wconf 89' lang='lat' dir='ltr'>se</span> <span class='ocrx_word' id='word_1_97' title='bbox 958 2826 1302 2886; x_wconf 79' lang='lat' dir='ltr'>magnarum</span> <span class='ocrx_word' id='word_1_98' title='bbox 1322 2807 1560 2868; x_wconf 86' lang='lat' dir='ltr'>Graeciae</span> <span class='ocrx_word' id='word_1_99' title='bbox 1581 2808 1836 2886; x_wconf 80' lang='lat' dir='ltr'>gentium</span> <span class='ocrx_word' id='word_1_100' title='bbox 1859 2809 2106 2883; x_wconf 83' lang='lat' dir='ltr'>affinem,</span> 
     </span>
     <span class='ocr_line' id='line_1_15' title="bbox 324 2919 2113 2996; baseline -0.002 -11"><span class='ocrx_word' id='word_1_101' title='bbox 324 2943 391 2985; x_wconf 87' lang='lat' dir='ltr'>ac</span> <span class='ocrx_word' id='word_1_102' title='bbox 412 2923 565 2985; x_wconf 89' lang='lat' dir='ltr'>velut</span> <span class='ocrx_word' id='word_1_103' title='bbox 598 2930 829 2983; x_wconf 85' lang='lat' dir='ltr'>vetustae</span> <span class='ocrx_word' id='word_1_104' title='bbox 861 2919 1172 2981; x_wconf 83' lang='lat' dir='ltr'>nobilitatis</span> <span class='ocrx_word' id='word_1_105' title='bbox 1196 2921 1402 2980; x_wconf 90' lang='lat' dir='ltr'>decore</span> <span class='ocrx_word' id='word_1_106' title='bbox 1433 2930 1690 2982; x_wconf 87' lang='lat' dir='ltr'>ornatam</span> <span class='ocrx_word' id='word_1_107' title='bbox 1713 2922 1988 2996; x_wconf 83' lang='lat' dir='ltr'>ostendit3</span> <span class='ocrx_word' id='word_1_108' title='bbox 2016 2923 2113 2984; x_wconf 88' lang='lat' dir='ltr'>sed</span> 
     </span>
     <span class='ocr_line' id='line_1_16' title="bbox 323 3035 2111 3124; baseline 0 -28"><span class='ocrx_word' id='word_1_109' title='bbox 323 3037 399 3098; x_wconf 79' lang='lat' dir='ltr'>ita</span> <span class='ocrx_word' id='word_1_110' title='bbox 427 3046 618 3097; x_wconf 90' lang='lat' dir='ltr'>tamen</span> <span class='ocrx_word' id='word_1_111' title='bbox 654 3035 946 3124; x_wconf 7' lang='lat' dir='ltr'>uttprimis</span> <span class='ocrx_word' id='word_1_112' title='bbox 978 3035 1088 3096; x_wconf 90' lang='lat' dir='ltr'>illis</span> <span class='ocrx_word' id='word_1_113' title='bbox 1122 3035 1511 3115; x_wconf 84' lang='lat' dir='ltr'>temporibus,</span> <span class='ocrx_word' id='word_1_114' title='bbox 1547 3035 1606 3094; x_wconf 92' lang='lat' dir='ltr'>in</span> <span class='ocrx_word' id='word_1_115' title='bbox 1637 3035 1844 3114; x_wconf 89' lang='lat' dir='ltr'>quibus</span> <span class='ocrx_word' id='word_1_116' title='bbox 1875 3036 1980 3097; x_wconf 93' lang='lat' dir='ltr'>sibi</span> <span class='ocrx_word' id='word_1_117' title='bbox 2012 3037 2111 3096; x_wconf 90' lang='lat' dir='ltr'>in-</span> 
     </span>
     <span class='ocr_line' id='line_1_17' title="bbox 323 3148 2113 3228; baseline -0.001 -18"><span class='ocrx_word' id='word_1_118' title='bbox 323 3150 507 3212; x_wconf 87' lang='lat' dir='ltr'>vicem</span> <span class='ocrx_word' id='word_1_119' title='bbox 540 3158 851 3210; x_wconf 89' lang='lat' dir='ltr'>occurrunt</span> <span class='ocrx_word' id='word_1_120' title='bbox 891 3159 946 3209; x_wconf 83' lang='lat' dir='ltr'>et</span> <span class='ocrx_word' id='word_1_121' title='bbox 980 3167 1130 3228; x_wconf 84' lang='lat' dir='ltr'>saepe</span> <span class='ocrx_word' id='word_1_122' title='bbox 1174 3148 1490 3209; x_wconf 86' lang='lat' dir='ltr'>miscentur</span> <span class='ocrx_word' id='word_1_123' title='bbox 1527 3167 1725 3209; x_wconf 90' lang='lat' dir='ltr'>omnes</span> <span class='ocrx_word' id='word_1_124' title='bbox 1767 3149 1961 3228; x_wconf 91' lang='lat' dir='ltr'>populi</span> <span class='ocrx_word' id='word_1_125' title='bbox 1985 3168 2113 3210; x_wconf 87' lang='lat' dir='ltr'>vere</span> 
     </span>
     <span class='ocr_line' id='line_1_18' title="bbox 323 3261 2114 3337; baseline -0.001 -14"><span class='ocrx_word' id='word_1_126' title='bbox 323 3263 543 3337; x_wconf 84' lang='lat' dir='ltr'>Graeci,</span> <span class='ocrx_word' id='word_1_127' title='bbox 573 3282 741 3323; x_wconf 91' lang='lat' dir='ltr'>suum</span> <span class='ocrx_word' id='word_1_128' title='bbox 778 3264 970 3323; x_wconf 90' lang='lat' dir='ltr'>locum</span> <span class='ocrx_word' id='word_1_129' title='bbox 993 3271 1237 3323; x_wconf 88' lang='lat' dir='ltr'>tueatur.</span> <span class='ocrx_word' id='word_1_130' title='bbox 1264 3262 1375 3322; x_wconf 90' lang='lat' dir='ltr'>Ubi</span> <span class='ocrx_word' id='word_1_131' title='bbox 1405 3282 1435 3321; x_wconf 94' lang='lat' dir='ltr'>e</span> <span class='ocrx_word' id='word_1_132' title='bbox 1458 3262 1724 3323; x_wconf 90' lang='lat' dir='ltr'>fabulosis</span> <span class='ocrx_word' id='word_1_133' title='bbox 1753 3262 1821 3321; x_wconf 91' lang='lat' dir='ltr'>ad</span> <span class='ocrx_word' id='word_1_134' title='bbox 1845 3261 2114 3322; x_wconf 89' lang='lat' dir='ltr'>historica</span> 
     </span>
     <span class='ocr_line' id='line_1_19' title="bbox 323 3366 2112 3455; baseline -0.003 -18"><span class='ocrx_word' id='word_1_135' title='bbox 323 3376 681 3455; x_wconf 83' lang='lat' dir='ltr'>Megarenses</span> <span class='ocrx_word' id='word_1_136' title='bbox 742 3394 1028 3449; x_wconf 74' lang='lat' dir='ltr'>evasere„</span> <span class='ocrx_word' id='word_1_137' title='bbox 1059 3376 1180 3455; x_wconf 85' lang='lat' dir='ltr'>jam</span> <span class='ocrx_word' id='word_1_138' title='bbox 1237 3366 1566 3436; x_wconf 88' lang='lat' dir='ltr'>adolescunt</span> <span class='ocrx_word' id='word_1_139' title='bbox 1609 3374 1868 3435; x_wconf 88' lang='lat' dir='ltr'>Doriensi</span> <span class='ocrx_word' id='word_1_140' title='bbox 1919 3373 2112 3453; x_wconf 76' lang='lat' dir='ltr'>generi</span> 
     </span>
     <span class='ocr_line' id='line_1_20' title="bbox 324 3487 2106 3569; baseline -0.001 -21"><span class='ocrx_word' id='word_1_141' title='bbox 324 3507 558 3569; x_wconf 86' lang='lat' dir='ltr'>prorsus</span> <span class='ocrx_word' id='word_1_142' title='bbox 585 3488 792 3549; x_wconf 83' lang='lat' dir='ltr'>addicti</span> <span class='ocrx_word' id='word_1_143' title='bbox 825 3509 836 3546; x_wconf 77' lang='grc' dir='ltr'>ε</span> <span class='ocrx_word' id='word_1_144' title='bbox 876 3488 1028 3548; x_wconf 90' lang='lat' dir='ltr'>unde</span> <span class='ocrx_word' id='word_1_145' title='bbox 1058 3487 1229 3548; x_wconf 90' lang='lat' dir='ltr'>simul</span> <span class='ocrx_word' id='word_1_146' title='bbox 1261 3488 1323 3547; x_wconf 90' lang='lat' dir='ltr'>fit</span> <span class='ocrx_word' id='word_1_147' title='bbox 1343 3497 1407 3548; x_wconf 93' lang='lat' dir='ltr'>ut</span> <span class='ocrx_word' id='word_1_148' title='bbox 1438 3487 1602 3548; x_wconf 88' lang='lat' dir='ltr'>liberi</span> <span class='ocrx_word' id='word_1_149' title='bbox 1626 3496 1906 3567; x_wconf 83' lang='lat' dir='ltr'>perstent,</span> <span class='ocrx_word' id='word_1_150' title='bbox 1941 3507 2069 3547; x_wconf 89' lang='lat' dir='ltr'>nam</span> <span class='ocrx_word' id='word_1_151' title='bbox 2092 3535 2106 3560; x_wconf 81' lang='lat'>‚</span> 
     </span>
    </p>
   </div>
  </div>
 </body>
</html>
