2800 4368
822 188 859 229 s

1325 296 1404 306 —-
1445 260 1563 319 100
1607 295 1685 304 -

686 404 963 484 Megarica
1021 401 1328 475 comoedia,
1388 401 1570 480 qualis
1621 401 1680 459 in
1733 400 1928 460 Graeca
1982 401 2124 461 urbe
2177 402 2397 465 videtur

603 518 909 589 mansisse,
946 513 1104 574 rudis
1126 522 1181 573 et
1209 512 1569 592 imperfecta,
1605 511 1879 591 quidquid
1902 511 2038 571 artis
2062 512 2170 591 ipsi
2193 514 2390 589 defuit,

601 630 778 690 nimia
825 638 991 707 atque
1037 627 1422 707 inopportuna
1476 625 1932 704 magnificentia,
1994 645 2168 704 quam
2215 627 2396 707 carpit

597 742 926 802 Aristoteles
947 741 958 768 ¹
982 786 995 809 ‚
1075 741 1376 821 supplebat
1411 789 1424 814 ,
1459 757 1663 819 'quum
1714 742 1967 819 purpura
2030 751 2110 806 τὴν
2187 745 2395 821 πάροδον

596 856 765 916 etiam
803 852 1168 933 Megarenses
1202 862 1490 915 ornarent.
1536 852 1701 922 Quod
1724 852 1913 913 forsan
1945 871 1976 912 a
2020 851 2392 932 Syracusanis

593 976 961 1048 acceperant,
1001 969 1151 1047 apud
1175 984 1318 1046 quos
1341 965 1635 1027 dicebatur
1665 964 1967 1026 Phormis2
1992 964 2215 1045 primus
2238 986 2388 1046 pur-

592 1082 785 1163 pureis
822 1080 1085 1160 stragulis
1120 1099 1350 1141 scenam
1389 1079 1743 1141 instruxisse.

672 1195 731 1254 Si
766 1213 882 1254 non
912 1192 1193 1272 Megarica
1221 1191 1500 1252 comoedia
1519 1240 1533 1266 ,
1565 1201 1621 1252 at
1657 1193 1855 1253 saltem
1880 1192 2172 1253 comicum
2194 1194 2387 1273 Mega-

590 1308 847 1368 rensium
879 1305 1178 1384 ingenium
1215 1303 1325 1365 sibi
1348 1303 1504 1364 laudi
1526 1304 1738 1365 ducere
1762 1305 1949 1385 potuit
1973 1306 2125 1384 quod
2149 1306 2262 1367 duo
2284 1307 2389 1366 viri

587 1421 1065 1493 inclarescerent,
1111 1417 1361 1498 Tolynus
1399 1425 1455 1477 et
1487 1417 1886 1478 Phoenicides⁵
1924 1439 1935 1476 :
1976 1437 2223 1497 quorum
2254 1419 2347 1480 ille
2369 1469 2384 1495 ,

586 1534 809 1595 Veteris
840 1531 1139 1594 comoediae
1165 1530 1434 1611 scriptor,
1469 1541 1720 1592 metrum
1753 1531 2079 1592 Cratineum
2106 1532 2388 1595 invenisse

585 1646 980 1719 tradebatur⁴;
1025 1645 1187 1719 alter,
1231 1644 1329 1724 qui
1374 1644 1528 1704 circa
1561 1643 1647 1704 Ol.
1693 1644 2173 1706 cxxv-CXXX⁵
2213 1645 2382 1721 vixit,

585 1765 752 1826 nobis
779 1783 974 1824 versus
997 1761 1211 1840 aliquot
1230 1761 1578 1836 transmisit,
1607 1779 1725 1821 non
1748 1761 1961 1841 leporis
1985 1771 2263 1842 expertes
2292 1763 2388 1824 Sic

585 1898 809 1959 quoque
831 1896 1220 1938 memoremus
1241 1877 1635 1955 Megarensem
1652 1876 1826 1937 fuisse
1848 1876 2133 1956 tragicum
2156 1886 2386 1957 poetam

583 1994 938 2055 Alcimenem
961 2041 975 2068 ‚
1016 1993 1114 2072 qui
1141 1992 1362 2061 videtur
1397 1980 1616 2053 fabulas
1644 1992 1887 2054 Athenis
1910 1994 2194 2055 docuisse.
2237 1995 2384 2054 Nam

583 2108 870 2188 tragoediae
890 2106 1190 2186 Megaricae
1226 2106 1383 2167 nulla
1404 2125 1648 2185 usquam
1679 2106 1919 2166 mentiO.
2279 2106 2282 2107 ⁷

1028 2343 1055 2424 g
1089 2343 1184 2403 111.
1212 2344 1319 2404 *De
1351 2303 1569 2404 Schola
1602 2344 1916 2422 Meqariccz.

664 2548 949 2608 Concessu
970 2545 1232 2605 omnium
1262 2544 1507 2606 maxime
1538 2544 1732 2605 floruit
1759 2544 2155 2625 philosophica
2179 2546 2374 2626 Mega-

583 2662 838 2722 ricorum
882 2659 1118 2733 Schola,
1160 2678 1346 2738 neque
1388 2658 1503 2718 ulla
1551 2657 1659 2717 alia
1702 2677 1763 2719 re
1807 2657 2118 2719 nobiliores
2154 2659 2382 2721 fuerunt

582 2781 961 2860 Megarenses
994 2778 1154 2853 Quae,
1184 2777 1335 2858 apud
1359 2786 1575 2837 veteres
1611 2774 1873 2856 inclyta⁶‚
1901 2794 2086 2854 neque
2113 2775 2184 2835 ab
2211 2793 2376 2854 egre-

649 3070 661 3095 ¹
701 3066 814 3116 Eth.
842 3048 1032 3116 Nicom.
1061 3066 1135 3124 IV,
1168 3066 1216 3113 6.

646 3158 664 3183 2
702 3154 839 3204 Suid.
867 3168 908 3204 s.
936 3169 982 3202 v.

644 3249 662 3273 ³
696 3243 804 3292 Vid.
832 3255 984 3306 supra
1003 3279 1016 3301 ,
1046 3257 1094 3305 p.
1121 3242 1205 3298 96,
1234 3256 1284 3289 n.
1314 3243 1363 3288 1.

644 3337 665 3362 ⁴
699 3331 861 3395 Etym.
909 3330 1106 3396 Magn„
1134 3345 1184 3394 p.
1215 3329 1329 3378 761.

644 3425 663 3452 ⁵
697 3421 843 3471 Teste
871 3419 1113 3470 Meineck.
2429 3482 2431 3484 „

643 3516 662 3547 ⁶
706 3529 724 3556 α
746 3508 1108 3574 Megaricorum
1134 3507 1225 3557 suit
1242 3504 1749 3569 nobilisdisciplina.»
1774 3503 1932 3554 Cicer.
1954 3503 2182 3555 Academ.
2200 3503 2259 3564 11,
2286 3504 2369 3554 48.
