2860 4380
1053 370 1367 414 —111—

321 509 351 546 1>
377 486 534 568 Coepi
562 501 786 569 egomet
806 512 1036 557 mecum
1068 498 1150 560 sic
1182 502 1425 581 cogitare
1454 525 1465 563 :
1500 506 1681 569 Hem!
1716 531 1821 574 nos
1852 514 2099 579 homun-

320 623 349 659 »
377 603 491 664 culi
524 604 908 686 indignamur,
939 612 984 672 si
1014 614 1140 692 quis
1168 622 1430 679 nostrum
1457 621 1706 700 interiit,
1744 638 1841 690 aut
1875 632 2098 695 occisus

321 738 348 774 ³>
376 728 486 793 est,
529 740 773 800 quorum
814 725 922 789 vita
964 729 1188 792 brevior
1221 753 1344 795 esse
1376 737 1574 813 debet,
1612 760 1790 820 quum
1820 764 1936 806 uno
1973 748 2097 810 loco

324 854 352 890 2>
381 841 466 894 tot
496 836 772 916 oppidum
810 843 1074 904 cadavera
1111 848 1360 927 projecta
1381 850 1650 929 jaceant?
1674 877 1703 914 »
1746 856 1922 919 Paulo
1947 871 2094 940 post,

315 945 375 1004 in
418 949 586 1010 vastis
627 950 737 1013 illis
794 954 1033 1035 Megarae
1083 959 1266 1021 muris
1325 962 1593 1043 Virgilius
1640 970 1909 1030 morbum
1955 992 2096 1033 con-

313 1068 584 1140 cepturus
616 1074 768 1141 erat,
813 1068 1134 1131 immaturae
1178 1081 1349 1152 atque
1399 1076 1537 1137 adeo
1583 1079 1856 1142 luctuosae
1900 1088 2100 1148 mortis

314 1172 684 1256 principium.
723 1177 810 1238 Ad
854 1180 979 1242 haec
1020 1183 1199 1245 tristia
1235 1187 1472 1254 vividius
1502 1190 1671 1252 etiam
1702 1196 1897 1256 oculos
1931 1198 2099 1259 simul

311 1305 380 1346 ac
410 1289 750 1351 memoriam
773 1293 945 1353 refert
968 1295 1238 1358 hodierna
1265 1299 1500 1380 Megarae
1524 1302 1713 1365 facies.

407 1397 636 1463 Scilicet
682 1405 925 1485 duplicis
974 1409 1163 1485 collis,
1212 1415 1321 1490 qua
1371 1413 1441 1472 ad
1494 1435 1652 1477 mare
1700 1428 1754 1478 et
1804 1420 2099 1481 meridiem

311 1517 509 1597 vergit,
530 1518 590 1578 in
616 1519 906 1582 intervallo
931 1522 1185 1603 clivoque
1208 1527 1502 1588 modicum
1527 1529 1587 1588 in
1610 1550 1819 1610 pagum
1839 1534 2100 1595 collectas

307 1632 596 1711 aspexeris
649 1634 855 1695 domus
909 1636 1158 1696 humiles
1209 1648 1264 1698 et
1322 1657 1518 1700 casas:
1562 1661 1804 1720 quarum
1833 1647 2052 1706 ·multae
2082 1696 2095 1718 ‚

312 1747 514 1807 morbo
539 1746 755 1807 bellove
784 1746 1066 1822 saeviente,
1101 1748 1485 1811 habitantibus
1515 1772 1704 1815 vacuae
1728 1766 2097 1831 corruerunt;

309 1873 533 1926 caeterae
554 1864 631 1924 ita
655 1873 883 1925 structae
909 1873 1062 1939 sunt,
1081 1873 1164 1938 ut,
1189 1865 1345 1925 nullo
1373 1867 1506 1927 tecti
1529 1868 1750 1948 fastigio
1774 1868 1832 1928 in
1857 1889 2100 1931 acumen

309 1986 670 2057 exsurgente,
690 1978 786 2038 sed
811 1978 1069 2057 singuliS,
1096 1999 1267 2059 supra
1286 1980 1459 2041 unius
1479 1982 1712 2042 tabulati
1737 2003 2094 2064 compagem,

311 2093 371 2152 in
430 2093 665 2173 planum
708 2075 978 2171 aequatiS‚
1019 2101 1075 2152 et
1113 2093 1250 2172 ipsae
1300 2094 1592 2174 superiore
1627 2106 1785 2176 parte
1818 2106 2097 2160 truncatae

307 2226 378 2268 ac
412 2208 528 2267 fere
564 2207 622 2266 in
671 2206 897 2267 ruinam
937 2206 1196 2286 collapsae
1257 2206 1569 2268 videantur.
1609 2209 1857 2288 Uterque
1902 2211 2091 2285 collis,

308 2324 420 2399 qua
453 2330 610 2402 parte
647 2319 911 2380 abscissis
952 2318 1191 2398 rupibus
1229 2340 1379 2380 unus
1407 2321 1476 2382 ad
1509 2319 1820 2397 Orientem,
1854 2325 1993 2384 alter
2028 2328 2098 2384 ad

307 2429 676 2495 Occidentem
733 2441 975 2513 spectat,
1023 2451 1249 2493 summo
1291 2434 1577 2494 cacumini
1620 2436 1878 2515 praefixas
1929 2439 2098 2499 habet

306 2547 611 2609 semirutas
657 2556 864 2607 turres.
911 2545 1087 2605 Paulo
1131 2545 1276 2605 infra
1299 2590 1312 2613 ,
1348 2548 1568 2626 magnis
1612 2568 1911 2610 murorum
1947 2551 2093 2631 lapi—

306 2662 508 2729 dibus,
540 2660 720 2723 aetatis
765 2658 1163 2722 remotissimae
1205 2662 1627 2730 monumentis,
1668 2663 1880 2724 declive
1911 2665 2095 2725 solum

306 2777 636 2838 etiamnunc
692 2774 1022 2837 sustinetur.
1064 2773 1208 2833 Sunt
1253 2784 1309 2835 et
1363 2774 1457 2834 alii
1499 2774 1712 2854 aliquot
1743 2775 1989 2855 antiquis
2032 2796 2096 2836 ex

309 2891 664 2972 temporibus
686 2889 861 2957 muri,
890 2888 986 2968 qui
1015 2888 1163 2948 inter
1187 2907 1343 2948 casas
1372 2896 1468 2948 aut
1490 2887 1548 2946 in
1576 2907 1779 2968 campo
1810 2889 1896 2947 vix
1926 2909 2095 2968 supra

309 3006 555 3067 humum
604 3012 940 3084 emergunt3
978 3002 1296 3072 interdum,
1344 3001 1491 3062 sicut
1526 3002 1822 3082 permultis
1860 3003 2094 3062 Graeciae

309 3121 478 3188 locis,
520 3119 708 3182 sacelli
744 3137 907 3199 paene
948 3117 1152 3179 detecti
1181 3117 1490 3196 diffissique
1535 3115 1845 3196 parietibus
1887 3114 2095 3175 inserta

308 3233 495 3294 videas
559 3231 842 3311 exsculpta
914 3248 1199 3292 marmora
1271 3230 1710 3308 columnasque,
1771 3227 2092 3308 Byzantinae

305 3346 444 3408 artis
474 3364 580 3406 nec
608 3346 729 3425 jam
759 3347 1004 3413 Graecae,
1039 3344 1135 3405 sed
1159 3344 1339 3404 multo
1372 3332 1587 3404 recenti
1624 3340 1886 3402 barbarie
1919 3359 2090 3419 supe-

310 3461 508 3536 rioris,
542 3460 852 3542 specimina
888 3481 899 3518 :
935 3459 1024 3519 bis
1052 3458 1319 3519 tamenin
1338 3455 1639 3516 ruderibus
1663 3454 1834 3514 vitam
1861 3472 2090 3514 curam-

305 3597 419 3657 que
447 3577 750 3638 hominum
778 3582 1013 3635 testatur
1037 3590 1214 3651 quum
1250 3570 1488 3660 diffusus
1513 3588 1578 3628 ex
1609 3567 1702 3627 vili
1729 3568 1895 3628 thure
1928 3567 2086 3639 odor,
