2800 4368
1431 286 1754 345 ..δῇ-.-

775 430 855 489 De
891 427 1205 506 Megarensi
1243 428 1748 501 Hierommmone,
1787 429 1974 490 forsan
2010 431 2261 510 Neptuni
2298 453 2491 494 sacer-

694 542 821 604 dote
870 542 1040 603 simul
1090 551 1145 602 et
1193 541 1424 621 publico
1468 542 1836 620 magistram,
1889 543 2024 623 quid
2081 545 2492 624 suspicandum

692 656 966 730 videatur,
994 656 1115 735 jam
1152 655 1352 735 supra¹
1381 657 1783 736 exponendum
1826 658 1953 718 fuit.

774 769 884 839 Qui
927 769 1138 830 fuerint
1166 769 1397 849 quidam
1433 775 1700 851 Πρὸὅουλοι
1723 772 1854 849 qui,
1905 772 2246 851 praevalente
2284 773 2488 834 demo-

692 882 864 943 cratia
899 882 1068 962 paulo
1093 891 1224 942 ante
1258 892 1618 962 postremum
1663 883 2026 963 optimatium
2057 884 2325 960 reditum,
2361 886 2494 947 belli

689 998 1163 1078 Peloponnesiaci
1186 1007 1467 1078 tempore,
1499 1019 1795 1059 summum
1822 999 2133 1079 imperium
2157 999 2312 1061 intus
2334 1020 2496 1062 exer-

691 1112 874 1173 cuisse
918 1132 982 1173 ex
1033 1131 1148 1173 uno
1196 1111 1595 1191 Aristophanis
1636 1111 1834 1173 versu²
1871 1112 2155 1188 videntur,
2205 1133 2322 1173 non
2361 1115 2495 1186 satis

689 1226 884 1306 liquet.
922 1225 1119 1304 Neque
1155 1225 1371 1304 majore
1421 1224 1633 1285 fiducia
1683 1226 1994 1305 quidquam
2038 1226 2107 1286 de
2142 1227 2495 1306 Prytanibus

688 1342 872 1403 ausim
908 1361 1258 1417 asseverare,
1295 1361 1442 1421 quos
1478 1344 1755 1404 exstitisse
1791 1344 2004 1405 indicio
2034 1354 2118 1405 est
2139 1345 2494 1424 Prytaneum

688 1456 836 1514 inter
883 1455 1162 1534 Megarica
1209 1464 1584 1516 monumenta
1627 1476 1657 1516 a
1710 1456 2029 1516 Pausania³
2066 1466 2487 1537 nuncupatum.

690 1570 844 1640 Quos
878 1578 1071 1657 tamen
1101 1558 1171 1630 ad
1206 1568 1464 1629 Ionicam
1497 1569 1780 1648 originem
1811 1570 2001 1650 potius
2039 1571 2355 1646 retulerim,
2395 1581 2492 1633 aut

689 1692 840 1743 certe
868 1683 940 1743 ab
962 1682 1408 1744 Atheniensibus
1432 1683 1775 1763 Prytanibus
1799 1702 1915 1742 non
1949 1684 2198 1744 multum
2243 1684 2491 1746 abfuisse

688 1797 1050 1857 crediderim.

766 1909 890 1970 Alia
931 1911 1191 1989 quaedam
1223 1912 1660 1990 magistratuum
1690 1933 1899 1994 genera
1923 1933 1990 1973 ex
2014 1903 2489 1992 inscriptionibus

687 2022 1032 2101 colliguntur
1075 2045 1085 2081 :
1141 2043 1386 2103 quorum
1434 2025 1490 2083 in
1541 2044 1784 2084 numero
1836 2024 2211 2103 Aqoranomi,
2267 2025 2484 2086 Roma-

685 2158 895 2199 norum
931 2138 1208 2199 AEdilium
1255 2139 1489 2201 fortasse
1544 2159 1658 2200 non
1708 2139 2034 2200 dissimiles.
2075 2140 2239 2199 Nam
2285 2158 2485 2201 eorum

686 2255 888 2328 unus⁴,
928 2253 1154 2315 Curtius
1190 2254 1451 2329 ProcIUS,
1494 2254 1755 2315 Romano
1794 2273 1976 2329 more,
2011 2248 2253 2315 munera
2285 2254 2483 2334 Mega-

685 2369 982 2444 rensibus,
1030 2370 1226 2449 viginti
1271 2371 1647 2455 gladiatorum
1698 2371 1932 2451 paribus
1978 2371 2314 2451 productis,
2359 2369 2483 2430 edi-

598 2530 601 2531 ⁷
684 2484 860 2544 derat.
891 2475 1083 2554 Quum
1111 2484 1263 2544 idem
1303 2467 1552 2564 Megarae>
1582 2485 1949 2546 Boeotarcltus
1986 2484 2074 2545 bis
2110 2484 2281 2546 fuisse
2318 2483 2482 2546 dica-

683 2607 797 2674 tur,
848 2608 1033 2679 patet,
1074 2600 1352 2662 Romanis
1386 2586 2230 2680 imperantibUS,⁴Megarenses
2269 2597 2484 2661 Boeotis

683 2713 981 2792 adjunctos
1031 2714 1202 2774 fuisse
1249 2723 1312 2774 ut
1349 2714 1547 2774 eadem
1593 2714 2087 2775 administratione
2123 2721 2477 2794 regerentur.

684 2825 961 2905 Denique,
998 2836 1205 2906 praeter
1233 2828 1338 2887 alia
1375 2828 1610 2888 nomina
1637 2828 1873 2889 honoris
1907 2828 2084 2907 gratia
2119 2829 2175 2887 in
2209 2827 2482 2891 Proclum

683 2937 843 2999 illum
877 2948 1146 3019 tanquam
1194 2941 1252 2999 in
1290 2941 1499 3001 civium
1539 2942 1859 3023 principem
1921 2944 2147 3017 collata,
2178 2952 2482 3024 Προστάτης

683 3058 759 3113 διὰ
796 3060 902 3128 βίου
964 3056 1317 3134 appellatur3
1380 3075 1491 3135 quo
1536 3077 1651 3116 non
1697 3058 1857 3118 facile
1901 3058 2235 3118 discreveris
2281 3066 2478 3118 utrum

751 3266 761 3291 ¹
801 3261 909 3309 Vid.
938 3277 990 3324 p.
1010 3264 1092 3310 50.

747 3354 765 3378 2
802 3350 1014 3400 Acharn.
1044 3366 1090 3399 v.
1121 3341 1234 3400 755.
1264 3353 1371 3401 vid.
1401 3352 1495 3402 Ott.
1524 3354 1722 3404 Muller.
1763 3355 1876 3405 Dor.

749 3443 767 3466 ⁵
794 3439 934 3487 Faus,
962 3439 1008 3497 I,
1038 3439 1120 3497 45,
1149 3440 1197 3487 ⁶2.

746 3529 764 3554 ‘⁶
800 3526 1000 3575 Boeckli.
1029 3526 1177 3588 Corp.
1207 3527 1329 3576 lnsc.
1359 3528 1439 3577 Gr.
1470 3529 1528 3576 Ν0
1559 3530 1701 3577 ¹058.
