2800 4368
867 156 907 199 s

1368 273 1690 332 ...12—

638 436 747 496 que
779 415 793 444 ¹
821 465 835 491 ‚
896 415 991 495 qui
1050 434 1139 475 res
1211 415 1521 494 Megaricas
1585 415 1948 496 peculiariter
2006 396 2432 493 tractaverant,

637 547 807 610 opera
835 577 849 603 ‚
904 527 1321 607 desperandum
1357 536 1504 588 esset
1560 529 1902 589 conferendo
1954 528 2434 611 dijudicandoque

634 642 881 720 aliquam
908 639 1156 701 veritatis
1191 641 1380 701 lucem
1403 641 1633 702 excitari
1662 659 1849 720 posse.
1880 641 2049 702 Nunc
2077 651 2267 703 autem
2306 644 2432 706 haec

637 752 829 814 omnia
858 753 1171 833 perierunt.
1213 751 1479 814 Attamen
1510 761 1566 813 et
1593 751 1890 812 Pausaniae
1921 753 2239 831 praesertim
2266 753 2430 840 testi-

635 866 862 942 monia,
912 866 1120 946 quibus
1168 867 1293 927 haec
1329 866 1521 946 inopia
1557 867 1743 946 majus
1777 864 2024 945 pretium
2058 866 2217 940 facit,
2252 875 2308 927 et
2326 847 2433 927 alia

634 982 705 1042 ab
734 979 980 1060 antiquis
1003 980 1335 1042 auctoribus
1378 980 1591 1061 passim
1620 988 1929 1040 memorata
1949 1028 1963 1054 ,
2013 979 2179 1040 nobis
2215 999 2431 1060 suppe-

632 1094 812 1156 ditant
846 1095 999 1155 unde
1033 1094 1293 1173 quaedam
1329 1111 1743 1173 componamus
1770 1111 1905 1153 cum
1950 1092 2166 1172 reliqua
2194 1091 2434 1153 Graeciae

632 1208 870 1270 historia
922 1207 1313 1268 convenientia
1341 1255 1354 1280 ,
1406 1215 1460 1266 et
1502 1206 1548 1267 si
1584 1225 1700 1266 non
1746 1205 1962 1284 majore
1990 1254 2004 1279 ‚
2068 1205 2269 1266 saltem
2311 1224 2430 1265 non

632 1320 858 1381 minore
887 1320 999 1380 fide
1028 1320 1219 1399 digna.

713 1429 983 1504 Scilicet,
1050 1439 1353 1511 antequam
1413 1441 1686 1511 regnante
1741 1431 1923 1491 Codro
1981 1427 2426 1509 Peloponnesii,

630 1542 805 1603 armis
826 1543 887 1602 in
910 1543 1288 1606 Athenienses
1305 1545 1496 1620 motis,
1513 1545 1800 1624 Megaram
1824 1552 2201 1625 expugnatam
2211 1542 2431 1603 Dorum

631 1655 832 1746 ditioni
875 1658 1232 1734 addicerent,
1275 1659 1656 1721 remotissima
1702 1659 1795 1720 illa
1833 1657 2259 1737 Megarensium
2294 1664 2458 1717 aetas

629 1770 853 1831 duobus
883 1772 1242 1851 temporibus
1267 1772 1588 1832 definienda
1614 1780 1698 1832 est
1727 1793 1739 1830 :
1769 1789 1907 1845 11110,
1948 1789 2127 1849 quum
2157 1769 2432 1849 antiquis—

630 1883 789 1944 simae
825 1893 1054 1964 genteS‚
1091 1886 1346 1965 Pelasgi,
1377 1885 1584 1961 Cares,
1623 1885 1969 1965 Lelegesque
2001 1885 2295 1964 regionem
2320 1884 2428 1945 ob-²

626 1996 917 2072 tinebant3
954 1998 1162 2074 altem,
1202 2018 1383 2077 quum
1413 1999 1647 2060 Ionibus
1682 1998 1929 2059 Atticam
1969 1997 2388 2077 occupantibus
2409 2045 2423 2072 ,

626 2107 868 2187 Megaris
903 2108 1103 2171 Atticae
1141 2111 1435 2191 provincia
1463 2112 1608 2173 facta
1630 2120 1732 2172 est.

709 2221 975 2301 Pelasgos
1032 2224 1377 2304 Megaridem
1419 2225 1729 2286 incoluisse
1774 2234 2056 2287 testantur
2090 2225 2427 2286 vetutissimi

626 2336 773 2397 arcis
826 2338 1193 2400 occidentalis
1244 2340 1396 2400 muri
1441 2340 1538 2419 qui
1594 2341 1874 2422 Cyclopea
1934 2341 2130 2421 generi
2166 2341 2428 2401 videntur

624 2450 1001 2527 attribuendi3
1049 2453 1219 2515 simul
1256 2450 1423 2516 Cares
1448 2474 1513 2515 ex
1546 2454 1790 2516 Oriente
1836 2455 2118 2536 appulsos
2146 2454 2428 2516 habitasse

622 2562 834 2625 indicio
877 2575 1009 2627 sunt
1053 2586 1150 2627 rex
1179 2570 1516 2629 veterrimus
1555 2568 1672 2629 Car
1695 2567 1751 2643 ²,
1808 2568 2098 2630 Phoronei
2145 2569 2332 2645 filius,
2372 2578 2428 2630 et

627 2701 839 2743 nomen
856 2681 1034 2744 Caria
1055 2684 1343 2745 alterutri³
1360 2685 1477 2746 arci
1492 2685 1759 2747 inditum.
1787 2686 1926 2747 Post
1944 2686 2248 2747 duodecim
2271 2685 2426 2747 Caris

696 2942 709 2967 ¹
736 2938 919 2989 Hereas
949 2940 1256 3007 Megarensis
1286 2943 1364 2994 bis
1398 2957 1427 2994 a
1461 2944 1730 2995 Plutarcho
1766 2945 1982 2996 citatur:
2009 2946 2181 2999 Solon.
2210 2949 2298 2999 vit.
2327 2950 2422 3010 113
2463 2992 2469 2996 .

624 3028 771 3079 TheS.
814 3017 897 3078 55.
939 3027 1336 3093 Composuerant
1374 3030 1622 3098 Meqarica
1649 3032 1733 3095 (τὰ
1757 3032 2009 3101 Μεγαρικά)
2034 3015 2308 3101 Hesayoras
2344 3037 2423 3087 vel

622 3115 899 3182 Herayoras
923 3117 1122 3183 (Schol.
1152 3119 1385 3183 Apollon.
1414 3121 1463 3180 1,
1492 3123 1633 3186 212),
1663 3131 1714 3172 et
1737 3122 2025 3173 Dieuchidas
2050 3123 2229 3190 (Diog.
2252 3125 2422 3176 Laert.

623 3205 671 3263 l,
699 3206 755 3264 2,
783 3205 863 3253 57.
892 3205 1058 3255 Schol.
1087 3206 1339 3271 Aristoph.
1362 3208 1512 3272 Vesp.
1541 3209 1658 3258 875.
1683 3209 1853 3261 Schol.
1879 3211 2120 3275 Apollon.
2145 3211 2195 3271 l,
2224 3210 2362 3278 517).

690 3295 707 3319 ²
735 3292 1015 3354 Pausan.1‚
1044 3295 1136 3354 59,
1167 3296 1197 3344 5
1222 3303 1272 3346 et
1294 3298 1343 3345 4.

690 3383 707 3410 3
731 3379 836 3429 Utri
861 3380 1010 3431 fuerit
1049 3382 1338 3447 impositum
1364 3421 1376 3444 ,
1418 3385 1719 3451 ambigitur,
1763 3401 1926 3451 neque
1960 3388 2020 3438 lis
2061 3387 2260 3437 videtur
2283 3386 2423 3451 prius

618 3469 786 3520 dirimi
811 3486 988 3534 posse,
1017 3486 1165 3534 quam
1202 3473 1378 3524 effossa
1414 3475 1512 3525 sint
1548 3476 1730 3527 indicia
1767 3477 1921 3527 humo
1956 3478 2145 3529 circum
2191 3476 2416 3527 condita.
