2800 4368
820 169 858 210 s

1441 278 1519 286 ..-
1564 244 1641 302 56
1682 279 1760 286 -.

707 376 1003 463 Megaricae
1025 381 1264 442 civitatis
1295 391 1442 442 statu
1464 392 1686 444 exortos
1715 385 2063 464 exposuisse.
2092 387 2260 448 Nunc
2280 397 2498 463 autem,

707 507 770 558 ut
809 499 876 558 ad
920 516 1042 556 rem
1084 496 1397 574 regrediar,
1459 517 1524 557 ex
1571 498 1710 578 ipsis
1751 500 2098 580 Theognidis
2150 504 2506 566 carminibus

708 620 959 690 apparet,
994 611 1142 670 inter
1179 611 1495 674 simultates
1525 612 1764 692 odiaque
1798 615 1938 675 illud
1977 616 2242 676 effectum
2272 637 2415 694 esse,
2441 621 2507 678 ut

708 724 820 783 duo
855 723 1278 802 Megarensium
1314 724 1542 785 ordines
1564 774 1577 800 ‚
1620 724 1844 786 minore
1881 727 2172 788 intervallo
2202 728 2502 814 dirempti,

703 836 823 915 jam
866 836 1218 915 aequioribus
1262 837 1411 898 inter
1460 857 1519 899 se
1568 838 1790 918 legibus
1832 839 2102 901 viverent.
2152 821 2305 900 Non‘
2317 841 2438 921 jam
2477 859 2510 902 e

710 950 990 1011 Perioecis*
1038 951 1434 1012 tantummodo
1487 953 1573 1012 vel
1618 952 1787 1013 etiam
1838 972 1904 1013 ex
1938 954 2373 1022 humilioribus,
2412 950 2512 1016 sed

713 1084 743 1124 e
789 1064 1006 1125 civibus
1049 1064 1332 1126 constabit
1367 1065 1535 1125 factio
1582 1067 1874 1147 popularis
1912 1089 1927 1155 ⁴:
1973 1068 2123 1128 inter
2157 1087 2299 1147 quos
2341 1068 2516 1130 fuisse

630 1182 638 1191 “
713 1177 839 1238 illos
883 1177 1321 1238 Atheniensium
1372 1177 1590 1239 amicos
1638 1180 1990 1241 credendum
2032 1190 2149 1256 est,
2189 1181 2265 1242 de·
2307 1181 2516 1261 quibus

714 1289 1099 1370 Thucydides*
1154 1290 1426 1368 loquitur.
1500 1290 1890 1360 Quamobrem
1913 1343 1926 1368 ,
1985 1312 2165 1373 quum
2227 1303 2516 1374 postremo

718 1403 970 1483 (Olymp.
993 1402 1092 1477 89,
1122 1403 1195 1483 ¹1)
1221 1403 1576 1465 democratia
1617 1406 1861 1485 Megarae
1890 1407 2071 1468 deleta
2102 1417 2218 1482 est,
2253 1428 2370 1470 non
2395 1409 2518 1489 jam

719 1517 781 1576 in
803 1517 927 1597 ejus
951 1517 1144 1578 locum
1168 1518 1442 1580 successit
1469 1528 1628 1580 vetus
1653 1519 1747 1579 illa
1779 1521 2164 1594 aristocratia,
2182 1541 2312 1582 vera
2336 1522 2521 1602 gentis

722 1632 1022 1712 cujusdam
1055 1632 1366 1693 dominatio
1388 1682 1401 1708 ‚
1446 1634 1543 1694 sed
1604 1635 1791 1715 potius
1825 1644 2086 1717 ὀλιγαρχία
2107 1685 2121 1710 ,
2161 1635 2219 1696 id
2254 1647 2339 1698 est
2375 1655 2520 1717 pau—

727 1764 927 1806 corum
955 1746 1103 1806 inter
1132 1746 1281 1837 cives
1311 1753 1548 1808 caeteros
1579 1748 1949 1810 auctoritas2.

808 1861 947 1921 Haec
967 1880 1244 1939 generum
1271 1862 1603 1923 confusione
1638 1871 1694 1922 et
1714 1863 2074 1924 fortunarum
2107 1864 2526 1925 mutationibus

729 1983 920 2055 parata
943 1986 1096 2035 sunt.
1126 1975 1348 2045 Quibus
1366 1952 1551 2036 causis
1574 1976 1631 2035 id
1646 1976 1817 2036 etiam
1835 1977 2265 2057 adjungendum
2281 1977 2522 2053 videtur,

731 2092 882 2170 quod
929 2110 1078 2166 non,
1130 2092 1302 2152 veluti
1334 2093 1550 2172 Spartae
1573 2141 1587 2167 ‚
1635 2092 1839 2154 invicta
1894 2095 2256 2155 contumacia
2308 2069 2530 2157 nobiles

630 2261 640 2270 Ι
735 2224 794 2264 se
821 2206 892 2265 ab
918 2205 1076 2264 omni
1106 2206 1191 2266 vel
1219 2217 1560 2268 mercaturae
1590 2208 1785 2268 labore
1805 2256 1819 2282 ,
1859 2208 1946 2267 vel
1969 2208 2078 2268 alio
2108 2208 2535 2269 abstinuerunt&

735 2320 850 2379 Eos
872 2329 1108 2380 testatur
1129 2320 1282 2381 idem
1304 2319 1591 2400 Theognis
1615 2321 1830 2382 victum
1852 2322 2086 2402 propria
2117 2321 2394 2383 industria
2425 2321 2534 2384 sibi

738 2433 1059 2513 paravisse:
1116 2455 1143 2491 «
1189 2434 1455 2515 Oportet,
1498 2436 1678 2517 Cyrne
1700 2481 1713 2504 ,
1760 2456 1862 2516 per
1897 2447 2108 2496 terram
2166 2436 2537 2516 amplumque

739 2547 914 2607 maris
957 2548 1191 2607 dorsum
1229 2549 1387 2610 durae
1418 2549 1764 2630 paupertatis
1795 2549 2116 2610 remedium
2155 2549 2469 2627 quaerere³.
2502 2568 2533 2604 »ν

742 2661 906 2721 Unde
928 2661 1113 2722 evenit
1131 2710 1145 2736 ‚
1172 2672 1235 2723 ut
1264 2663 1561 2724 communi
1584 2667 1834 2742 quaestus
1864 2663 2107 2724 faciendi
2129 2683 2194 2723 ac
2218 2660 2539 2743 praesertim

746 2774 1044 2854 navigandi
1095 2776 1538 2850 consuetudine,
1591 2786 1862 2855 tanquam
1912 2776 2234 2838 necessario
2273 2775 2537 2849 vinculo,

749 2891 1041 2969 conjuncti
1074 2891 1223 2951 inter
1247 2911 1306 2953 se
1340 2891 1636 2969 utriusque
1667 2890 1883 2951 ordinis
1909 2890 2268 2970 Megarenses
2305 2889 2539 2951 fuerint.

820 3152 834 3176 ¹
875 3147 927 3194 L.
956 3146 1032 3205 IV,
1061 3147 1143 3195 66.

820 3239 837 3265 ²
877 3230 935 3291 ἐς
957 3239 1202 3300 ὀλιγαρχίαν
1220 3242 1273 3283 τὰ
1289 3240 1472 3301 μάλιστα
1491 3241 1753 3290 κατέστησαν
1779 3243 1853 3289 τὴν
1877 3239 2015 3284 πόλιν.
2029 3272 2062 3283 ..
2089 3238 2205 3287 Αὕτη
2229 3233 2301 3282 ὑπ’
2315 3236 2551 3297 ἐλαχίστων

754 3331 960 3390 γενομένη.
975 3360 983 3370 .
997 3360 1006 3369 .
1020 3364 1030 3373 .

1803 3390 1998 3451 Thucyd.
2025 3390 2094 3447 lv,
2122 3390 2192 3435 74.

826 3476 844 3500 ³
879 3472 935 3520 V.
964 3473 1080 3521 557.
1110 3473 1180 3522 Cf.
1209 3489 1257 3523 v.
1287 3474 1401 3522 544.
1903 3471 1907 3475 ’
