2800 4368
1365 351 1722 432 -14-'

631 523 792 602 gines
819 521 888 582 ad
924 517 1084 579 urbis
1124 516 1586 597 amplificandam
1619 516 1957 595 dignitatemv
1990 517 2349 578 narraverint
2372 527 2431 579 et

633 632 1093 714 composuerint3
1118 631 1330 711 quippe
1349 630 1447 710 qui
1469 638 1524 690 et
1546 629 1703 690 Caris
1735 638 1996 710 tempore
2026 630 2086 690 in
2113 649 2244 692 arce
2269 631 2428 692 Caria

631 754 979 809 exstructum
1025 743 1243 805 Cereris
1297 743 1581 824 templum
1640 744 2051 804 contenderent
2080 744 2095 773 ¹
2128 793 2143 820 ,
2195 764 2227 804 a
2277 765 2390 824 quo
2411 795 2428 822 ,

629 860 861 938 Meqaro
910 856 1141 938 proprie
1179 857 1329 918 dicto
1355 906 1370 932 ,
1422 865 1633 917 nomen
1675 856 1799 936 jam
1843 855 1975 918 inde
2010 857 2081 917 ab
2135 856 2431 918 initiisin

630 990 792 1031 suam
826 970 1032 1031 urbem
1067 969 1404 1044 transiisset,
1433 978 1519 1044 et,
1553 989 1582 1029 a
1613 968 1749 1048 Pyla
1773 987 1954 1047 usque
1978 969 2049 1028 ad
2085 967 2432 1031 Alcathoum

629 1101 828 1161 regum
867 1082 1193 1143 continuata
1241 1080 1578 1162 simpliciter
1635 1081 1782 1142 serie
1810 1130 1824 1156 ,
1884 1082 2102 1142 bellum
2157 1081 2431 1142 adversus

628 1194 815 1256 Minoa
862 1195 1121 1274 arcisque
1157 1214 1275 1256 suae
1305 1194 1784 1274 expugnationem
1827 1215 1893 1255 ex
1925 1194 2207 1256 industria
2245 1194 2425 1255 omit—

624 1319 828 1369 terent.
857 1308 1040 1369 Boeoti
1076 1318 1297 1382 autem,
1331 1316 1471 1368 teste
1503 1308 1820 1384 Pausania,
1868 1307 2292 1388 Megarensium
2327 1328 2430 1369 ur—

583 1406 788 1498 bem,
836 1422 997 1502 prius
1049 1421 1273 1494 Nisam,
1331 1431 1632 1501 postquam
1678 1423 1977 1501 Megareus
2032 1421 2319 1483 Onchesto
2370 1421 2433 1480 in

626 1538 899 1598 auxilium
935 1535 1073 1597 Niso
1109 1535 1351 1611 misSUS,
1409 1536 1742 1597 interfectus
1774 1536 1856 1596 ibi
1904 1536 1966 1595 in
1995 1536 2434 1617 praelio-sepul·-

626 1661 828 1730 tusque
864 1650 1095 1726 fuisset,
1134 1659 1272 1711 tunc
1310 1651 1546 1711 demum
1582 1649 1885 1728 Megaram
1910 1650 2256 1730 appellatam
2311 1668 2435 1710 esse

626 1765 980 1838 asserebant,
1013 1764 1249 1824 fortasse
1276 1763 1333 1822 in
1362 1766 1428 1823 ea
1461 1784 1522 1824 re
1555 1763 1872 1844 suspicioni
1914 1764 2166 1824 obnoxii.
2204 1762 2269 1824 Id
2301 1781 2434 1824 vero

618 1880 749 1958 jure
779 1878 960 1957 magis
986 1897 1119 1938 curn
1137 1877 1359 1938 caeteris
1373 1876 1577 1960 graecis
1606 1877 1988 1953 affirmabant,
2013 1897 2208 1957 regem
2226 1877 2435 1940 Nisum

623 2012 654 2051 a
682 1992 869 2051 Minoe
899 1990 1272 2069 Cretibusque
1307 1990 1593 2051 devictum
1618 1990 1939 2069 urbemque
1976 1999 2204 2071 captam
2240 2010 2309 2051 ac
2339 1990 2431 2050 di-

624 2114 811 2166 rutam
840 2125 983 2167 esse.
1019 2104 1122 2165 Cui
1146 2103 1229 2164 rei
1258 2104 1607 2164 conveniunt
1630 2105 1851 2183 vulgata
1874 2105 1943 2165 de
1969 2104 2154 2184 Scylla
2175 2114 2231 2165 et
2260 2103 2433 2165 Niseo

624 2220 828 2300 capillo
877 2219 1065 2280 fabula
1115 2217 1171 2293 ²,
1224 2228 1279 2278 et
1305 2218 1510 2280 Nisoeae
1555 2218 1875 2298 Minoaeque
1922 2218 2157 2278 nomina
2212 2218 2330 2279 arci
2381 2228 2436 2306 et

627 2334 829 2394 insulae
862 2342 1092 2413 portum
1138 2331 1568 2411 protegentibus
1611 2330 1899 2411 imposita.

702 2448 984 2507 Praeterea
1014 2445 1073 2504 in
1108 2445 1197 2505 his
1217 2444 1669 2506 animadvertere
1697 2464 1884 2525 operae
1915 2445 2169 2525 pretium
2194 2454 2279 2506 est
2317 2463 2433 2504 non

622 2561 694 2619 ab
748 2559 887 2639 ipsis
944 2557 1375 2638 Megarensibus
1447 2556 1673 2618 silentio
1730 2557 1984 2638 potuisse
2034 2556 2428 2639 praetermitti,

622 2671 870 2750 quodam
896 2680 1155 2750 tempore
1209 2669 1468 2749 ipsorum
1494 2670 1820 2750 regionem,
1880 2672 2080 2732 saltem
2136 2674 2247 2750 qua
2275 2680 2434 2751 parte

619 2785 887 2845 Saronica
919 2785 1109 2845 littora
1139 2784 1562 2863 complectitur,
1594 2786 1701 2846 sub
1735 2785 1940 2845 Ionum
1967 2785 2434 2846 Atheniensium-

620 2917 729 2975 que
767 2898 863 2976 jus
890 2897 1289 2958 transmissam
1343 2896 1536 2957 fuisse.
1568 2896 1717 2966 Quid
1748 2897 1904 2958 enim
1947 2897 2101 2958 aliud
2151 2897 2436 2977 significat
2528 2976 2529 2979 Ἴ

623 3012 716 3071 ille
750 3010 1061 3072 Pandionis
1101 3011 1404 3085 adventus,
1453 3010 1602 3090 apud
1647 3010 1936 3090 Megaram
1975 3011 2179 3092 sepulti
2215 3021 2272 3073 et
2306 3013 2431 3093 ipsa

620 3125 680 3184 in
706 3126 848 3186 urbe
874 3124 1138 3185 honorati
1167 3126 1221 3198 ³3
1282 3144 1348 3184 ac
1384 3123 1589 3184 deinde
1620 3124 1759 3185 illud
1790 3125 1914 3186 Nisi
1972 3146 2217 3206 regnum
2269 3127 2431 3188 AEaci

690 3352 702 3377 ¹
729 3347 871 3395 PauS.
901 3346 945 3406 l,
984 3346 1047 3394 59
1071 3383 1084 3405 ,
1114 3336 1169 3393 4ss

686 3438 704 3463 2
730 3434 870 3483 PauS.
901 3432 946 3492 1,
978 3433 1070 3492 19,
1115 3432 1164 3481 6.
1191 3431 1330 3496 Virg.
1366 3431 1481 3480 AEn.
1510 3432 1594 3492 Vl,
1642 3434 1724 3481 74.
1762 3433 1862 3483 Cir.
1892 3448 2025 3498 pass.
2054 3435 2196 3486 Ovid.
2227 3433 2428 3486 Metam.

622 3522 754 3582 vlu,
783 3522 951 3570 1-151.
987 3520 1192 3570 Remed.
1221 3520 1328 3568 Am.
1358 3520 1440 3569 67.
1470 3520 1561 3570 Ars
1586 3521 1694 3570 Am.
1724 3521 1773 3581 1,
1803 3523 1918 3571 5511.

688 3615 705 3640 ³
732 3593 1118 3669 Paus.'l‚5,4;
1162 3607 1404 3668 1,40‚o.
