2800 4368
779 200 817 239 ³
1418 211 1735 270 —86-

675 355 976 436 temporis,
1004 352 1334 432 compositis
1356 352 1677 427 discordiis,
1705 353 1942 413 reduces
1971 353 2270 432 optimates
2293 364 2463 435 atque

675 470 734 528 in
763 468 1003 549 patriam
1040 465 1282 527 restituti
1307 465 1579 539 fuissent,
1612 483 1783 544 quam
1823 465 1992 526 aliam
2027 465 2101 526 ob
2128 485 2359 529 causam
2393 470 2466 530 de

672 582 788 642 hoc·
814 579 998 640 reditu
1039 578 1192 640 siluit
1232 578 1548 657 TheogniS,
1580 579 1678 658 qui
1711 599 1937 659 semper
1988 579 2250 641 exsilium
2273 581 2462 657 dolet,

673 696 783 756 nisi
818 695 948 774 quia
990 694 1149 773 ipse,
1198 693 1245 754 si
1281 711 1399 753 non
1428 693 1536 752 vita
1574 692 1928 768 decesserat,
1975 694 2174 755 saltem
2205 695 2369 757 annis
2397 716 2464 757 ac

673 810 831 870 senio
862 808 1155 870 confectus
1179 807 1355 869 Musis
1384 807 1769 868 valedixerat‘?
2324 815 2332 820 ’

750 922 943 1001 Itaque
988 920 1297 982 verisimile
1340 930 1424 982 est
1461 921 1624 981 illum
1667 920 1910 981 minime
1938 931 2034 982 aut
2073 942 2278 1002 parum
2322 923 2470 986 ultra

672 1035 990 1117 secundum
1030 1035 1245 1095 bellum
1280 1034 1567 1095 Medicum
1610 1033 1720 1115 (Ol.
1763 1034 1861 1115 75)
1900 1034 2071 1095 vitam
2109 1036 2467 1116 produxisse..

673 1149 865 1219 Quum
886 1157 1077 1210 autem
1094 1149 1216 1228 jam
1241 1166 1439 1221 senex,
1473 1148 1559 1207 vel
1584 1157 1746 1209 antea
1766 1197 1780 1223 ,
1814 1158 1962 1209 esset
1982 1197 1995 1223 ‚
2037 1168 2153 1209 non
2177 1149 2470 1212 immerito

672 1262 1010 1323 Welckerus
1032 1263 1204 1322 fidem
1228 1261 1417 1321 Suidae
1440 1261 1755 1341 denegavit,
1783 1262 2110 1343 Theognide
2134 1262 2471 1345 Olympiade
2560 1313 2568 1320 .

672 1376 749 1436 59
789 1383 987 1436 natum
1021 1375 1314 1437 asserenti.
1361 1374 1563 1436 Melius
1601 1375 1865 1442 videntur
1902 1376 2170 1438 Chronic.
2214 1378 2457 1440 Hieron.

672 1498 727 1550 et
753 1487 1022 1549 Chronic.
1059 1489 1264 1549 Pasch.
1300 1508 1434 1549 eum
1458 1489 1580 1569 jam
1615 1490 1915 1550 florentem
1950 1491 2019 1550 ad
2046 1489 2271 1572 Olymp.
2306 1492 2383 1554 58
2405 1502 2463 1557 et

671 1603 748 1663 57
773 1603 1056 1665 retulisse.
2435 1578 2443 1586 .

755 1717 950 1778 Nostri
973 1718 1154 1798 ipsius
1176 1727 1358 1798 poetae
1382 1718 1637 1778 carmina
1662 1719 1923 1797 quaedam
1947 1767 1960 1793 ,
1995 1719 2134 1780 nulli
2161 1718 2474 1800 suspicioni

677 1833 973 1908 obnoxia¹,
1006 1846 1109 1894 nos
1134 1834 1376 1908 docent,
1417 1852 1550 1895 eum
1576 1832 1755 1893 nobili
1784 1853 1993 1912 genere
2017 1843 2308 1910 exortum,
2338 1855 2474 1908 cum

677 1946 897 2007 caeteris
921 1945 1290 2026 optimatibus
1319 1955 1375 2006 et
1397 1947 1646 2026 potenti&
1674 1955 1730 2007 et
1757 1947 1998 2008 fortunis
2013 1947 2138 2009 suis
2162 1948 2471 2028 privatum,

676 2078 809 2121 mox
838 2058 1010 2120 etiam
1040 2058 1101 2119 in
1139 2057 1403 2119 exsilium
1439 2067 1634 2119 actum
1667 2058 1879 2134 fuisse3
1926 2067 2066 2120 tunc
2103 2060 2352 2140 hospitio
2391 2060 2475 2122 si-

678 2174 806 2234 culo
831 2191 1003 2235 usum
1024 2222 1039 2248 ,
1072 2171 1332 2232 videlicet
1355 2171 1505 2252 apud
1530 2171 1793 2252 Hyblaeos
1816 2171 2198 2251 MegarenseS,
2225 2191 2474 2252 quorum

678 2288 847 2350 etiam
873 2288 1009 2349 civis
1037 2287 1216 2352 factus
1235 2335 1250 2362 ,
1284 2286 1364 2347 ibi
1394 2286 1615 2365 degisse
1644 2285 1885 2362 videtur,
1926 2288 2111 2366 quoad
2133 2337 2146 2362 ,
2189 2289 2330 2350 urbe
2364 2308 2470 2351 oc-

679 2405 914 2484 cupata,
963 2422 995 2463 a
1035 2401 1247 2462 victore
1269 2478 1272 2481 Α
1292 2401 1507 2462 Gelone
1559 2400 1866 2480 Syracusas
1912 2401 2169 2482 plerique
2217 2404 2474 2467 translati

677 2517 859 2580 sunt².
889 2518 1173 2580 Praeterea
1193 2519 1409 2598 Spartae
1428 2517 1559 2579 etin
1579 2517 1793 2578 Eubaea
1809 2518 1965 2579 exsul
1981 2505 2137 2579 vixit.
2163 2519 2462 2594 Erravere,

675 2635 825 2698 sicut
845 2636 1184 2698 Welckerus
1213 2636 1526 2717 perspexit,
1556 2636 1684 2715 qui,
1721 2656 1884 2697 versu
1909 2636 2091 2699 1103³
2114 2656 2281 2717 prave
2309 2636 2476 2698 intel-

674 2749 822 2811 lecto
841 2798 856 2826 ,
892 2750 1148 2812 arbitrati
1173 2759 1306 2812 sunt
1330 2770 1464 2811 eum
1492 2759 1548 2811 et
1573 2750 1785 2811 Thebis
1817 2758 2116 2831 exceptum
2147 2750 2426 2812 mansisse
2459 2771 2472 2808 :

677 2884 1003 2945 quanquam
1036 2865 1094 2925 id
1125 2885 1228 2946 per
1262 2884 1320 2926 se
1351 2885 1485 2926 vero
1524 2865 1668 2925 nihil
1701 2874 2000 2946 repugnat.

760 2979 1121 3059 Quicumque
1142 2979 1490 3058 Theognidis
1505 2979 1631 3039 vitae
1645 2978 1878 3039 termini
1901 2978 2281 3057 assignentur,
2304 2998 2478 3040 nemo

747 3196 760 3223 ι
799 3192 1026 3255 Theogn.
1055 3204 1219 3253 pass.;
1247 3205 1293 3238 v.
1323 3189 1438 3237 765.
1468 3188 1576 3237 vid.
1605 3170 1757 3246 infra,
1786 3203 1837 3252 p.
1866 3188 1948 3236 89.

745 3284 763 3308 2
800 3279 1038 3329 Herodot.
1067 3277 1148 3326 VII
1167 3315 1179 3338 ,
1209 3278 1291 3326 56.

748 3371 764 3397 ³
903 3370 1030 3417 Αἴθων
1054 3372 1124 3432 μὲν
1147 3368 1258 3432 ’γένος
1288 3374 1367 3433 εἰμι’
1383 3410 1395 3432 ,
1431 3371 1547 3417 πόλιν
1567 3368 1602 3415 δ’
1628 3373 1823 3431 εὐτείχεα
1849 3370 1987 3421 Θήὃην

1021 3468 1287 3506 onnam...
