2800 4368
1471 345 1793 405 ..20-

805 493 1125 567 Utcumque
1155 505 1244 546 res
1272 493 1377 560 est,
1404 494 1529 547 tum
1561 487 1701 547 nulli
1732 488 1853 567 jam
1884 507 2045 567 reges
2077 489 2295 569 proprii
2321 488 2515 571 Mega—

723 602 977 662 rensium
1012 607 1192 673 erant,
1227 616 1406 685 quum
1440 599 1840 678 Peloponnesii
1869 599 1928 658 in
1965 599 2212 661 Atticam
2235 602 2513 683 irruptio-

719 734 852 776 nem
888 715 1091 775 fecere.
1133 713 1288 783 Quos
1326 731 1392 772 ex
1427 710 1688 792 pluribus
1733 711 2103 774 testimoniis¹
2147 723 2400 791 constat,
2440 717 2514 777 ob

715 828 1088 890 voluntariam
1125 827 1293 889 Codri
1334 836 1581 887 mortem
1620 826 1878 906 repulsos
1900 875 1914 901 ‚
1965 807 2285 907 Megaram,
2322 834 2512 908 “quum

714 945 1063 1016 recederent,
1084 960 1413 1021 occupasse,
1435 948 1489 1000 et
1514 940 1573 999 in
1598 941 1662 999 ea
1687 939 1972 1000 coloniam
1995 940 2286 1020 praecipue
2312 940 2514 1002 Corin—

709 1054 962 1116 thiorum
1004 1062 1059 1113 et
1093 1052 1506 1114 Messeniorum
1552 1051 1947 1126 constituisse;
1991 1055 2055 1112 ea
2091 1061 2283 1113 autem
2329 1048 2508 1137 occu-

709 1168 938 1249 patione
983 1186 1073 1227 res
1109 1165 1336 1246 penitus
1372 1165 1511 1225 adeo
1547 1173 1791 1226 mutatas
1813 1214 1827 1239 ‚
1862 1174 1926 1224 ut
1974 1165 2135 1226 victis
2174 1166 2508 1246 reipublicae

707 1282 1200 1343 administratione
1229 1279 1618 1354 interdictum,
1649 1288 1703 1339 et
1734 1279 1952 1340 Dorum
1982 1279 2175 1359 lingua
2202 1299 2507 1362 moresque

705 1380 962 1475 impositi
998 1395 1129 1454 sint.

785 1507 934 1567 Hinc
970 1507 1152 1568 oritur
1190 1507 1398 1567 certior
1426 1507 1846 1586 Megarensium
1881 1509 2140 1584 historia,
2182 1509 2242 1569 in
2272 1519 2503 1589 gentem

695 1623 817 1701 jam
855 1621 1063 1681 melius
1106 1620 1400 1682 definitam
1457 1628 1765 1700 notamque
1815 1621 2195 1683 evadentium.
2237 1622 2503 1684 Attamen

699 1735 759 1795 in
790 1735 880 1795 illa
920 1753 1119 1795 eorum
1161 1733 1321 1813 quasi
1366 1733 1599 1794 infantia
1633 1734 1886 1795 tenebris
1924 1735 2168 1795 obducta
2205 1735 2503 1798 immorari

697 1850 1111 1929 aliquantulum
1161 1849 1331 1909 etiam
1387 1848 1531 1908 mihi
1576 1848 1743 1910 liceat
1786 1872 1796 1908 :
1839 1863 1955 1910 non
2016 1852 2202 1912 solum
2257 1853 2388 1932 quia
2441 1853 2501 1913 in

696 1964 900 2025 fabulis
937 1964 1074 2024 hinc
1125 1973 1292 2042 atque
1341 1963 1499 2024 illinc
1546 1956 1798 2025 collectis
1834 1964 2049 2027 fictisve
2088 1985 2290 2027 eorum
2332 1966 2496 2046 inge-

695 2078 881 2152 nium,
921 2077 1072 2156 quod
1113 2076 1427 2156 quaerimus
1450 2126 1463 2151 ,
1497 2075 1687 2137 verius
1723 2077 1913 2137 forsan
1959 2097 2292 2158 expressum
2333 2080 2495 2140 inve-

694 2190 871 2258 nitur,
920 2209 1091 2270 quam
1130 2190 1189 2248 in
1246 2197 1581 2249 eventorum
1631 2189 1854 2250 vicibus
1899 2210 2038 2269 quas
2083 2191 2291 2272 saepius
2336 2192 2495 2254 inviti

694 2304 956 2379 subiere3
997 2305 1093 2365 sed
1131 2304 1302 2364 etiam
1340 2302 1471 2382 quia
1501 2303 1725 2364 novisse
1760 2304 1932 2364 refert
1970 2306 2124 2366 unde
2152 2315 2343 2367 exorta
2383 2306 2500 2368 sint

694 2418 940 2499 plurima
970 2427 1380 2491 monumenta,
1416 2417 1567 2497 apud
1605 2435 1701 2477 eos
1746 2418 2067 2498 religiosius
2110 2429 2321 2481 servata
2344 2470 2358 2496 ‚
2388 2440 2496 2482 nec

691 2530 933 2591 minima
969 2550 1100 2611 pars
1145 2529 1343 2610 populi
1379 2529 1621 2608 alicujus
1661 2538 1746 2589 est
1783 2530 1918 2609 quid
1960 2531 2070 2592 fide
2105 2552 2171 2593 ac
2216 2529 2491 2593 memoria

692 2646 932 2706 infixum
974 2643 1232 2706 coluerit.

771 2758 1064 2820 Permulta
1093 2757 1267 2836 hujus
1288 2755 1514 2835 generis
1538 2756 1609 2816 ab
1638 2755 2084 2821 Atheniensibus
2106 2761 2488 2840 MegarenseS,

691 2875 797 2936 alia
848 2893 878 2934 a
938 2871 1224 2932 Thebanis
1278 2869 1641 2949 Boeotisque‚
1696 2891 1728 2931 a
1783 2872 2253 2953 Peloponnesiis,
2323 2885 2490 2956 atque

691 2987 865 3047 etiam*
895 3006 926 3047 a
957 2983 1279 3046 Salaminiis
1310 2982 1703 3063 AEginetisque
1738 3005 2011 3066 accepere
2034 3037 2047 3062 ‚
2077 2998 2173 3049 aut
2210 3009 2342 3050 cum
2379 2989 2490 3050 illis

690 3101 942 3161 habuere
972 3098 1334 3172 communia3
1375 3116 1507 3158 cum
1539 3098 1847 3160 Corinthiis
1885 3100 2097 3177 autem,
2130 3104 2263 3164 licet
2291 3104 2484 3185 proxi-

690 3214 800 3275 mis
820 3263 833 3289 ,
875 3213 1037 3273 nihil.

771 3328 930 3407 AEgei
954 3336 1211 3406 tempore
1235 3324 1577 3404 Megaridem
1602 3326 1920 3387 arctissime
1950 3347 2084 3396 cum
2122 3330 2305 3391 Attica
2338 3348 2480 3391 con-

758 3553 770 3579 ¹
799 3550 941 3599 Paus.
972 3551 1005 3597 l.
1030 3549 1065 3598 l.
1093 3548 1255 3597 Str-ab.
1288 3546 1416 3605 VIII,
1456 3562 1505 3609 p.
1546 3549 1672 3605 553;
1702 3546 1789 3616 IX,
1819 3563 1869 3611 p.
1900 3549 2014 3598 595.
2044 3549 2241 3613 Scymn.
2270 3551 2389 3600 501.
