<?xml version="1.0" encoding="UTF-8"?>
<!DOCTYPE html PUBLIC "-//W3C//DTD XHTML 1.0 Transitional//EN"
    "http://www.w3.org/TR/xhtml1/DTD/xhtml1-transitional.dtd">
<html xmlns="http://www.w3.org/1999/xhtml" xml:lang="en" lang="en">
 <head>
  <title>
</title>
<meta http-equiv="Content-Type" content="text/html;charset=utf-8" />
  <meta name='ocr-system' content='tesseract 3.04.00' />
  <meta name='ocr-capabilities' content='ocr_page ocr_carea ocr_par ocr_line ocrx_word'/>
</head>
<body>
  <div class='ocr_page' id='page_1' title='image "./demegarensiuming00gira_0088.png"; bbox 0 0 2800 4368; ppageno 0'>
   <div class='ocr_carea' id='block_1_1' title="bbox 742 260 2528 321">
    <p class='ocr_par' dir='ltr' id='par_1_1' title="bbox 742 260 2528 321">
     <span class='ocr_line' id='line_1_1' title="bbox 742 260 2528 321; baseline -0.001 -1"><span class='ocrx_word' id='word_1_1' title='bbox 742 260 780 300; x_wconf 62' lang='lat'>³</span> <span class='ocrx_word' id='word_1_2' title='bbox 1448 260 1764 321; x_wconf 78' lang='lat'>-76—</span> <span class='ocrx_word' id='word_1_3' title='bbox 2517 293 2528 319; x_wconf 71' lang='grc' dir='ltr'><em>ι</em></span> 
     </span>
    </p>
   </div>
   <div class='ocr_carea' id='block_1_2' title="bbox 717 402 2618 2644">
    <p class='ocr_par' dir='ltr' id='par_1_2' title="bbox 717 402 2529 1506">
     <span class='ocr_line' id='line_1_2' title="bbox 717 402 2522 485; baseline -0.001 -19"><span class='ocrx_word' id='word_1_4' title='bbox 717 425 897 485; x_wconf 88' lang='lat' dir='ltr'>genus</span> <span class='ocrx_word' id='word_1_5' title='bbox 945 404 1116 484; x_wconf 87' lang='lat' dir='ltr'>primi</span> <span class='ocrx_word' id='word_1_6' title='bbox 1166 404 1524 481; x_wconf 79' lang='lat' dir='ltr'>Megarenses</span> <span class='ocrx_word' id='word_1_7' title='bbox 1574 403 1913 476; x_wconf 82' lang='lat' dir='ltr'>offerebant,</span> <span class='ocrx_word' id='word_1_8' title='bbox 1959 402 2027 461; x_wconf 92' lang='lat' dir='ltr'>ad</span> <span class='ocrx_word' id='word_1_9' title='bbox 2063 402 2172 463; x_wconf 88' lang='lat' dir='ltr'>hoc</span> <span class='ocrx_word' id='word_1_10' title='bbox 2215 403 2274 462; x_wconf 94' lang='lat' dir='ltr'>in</span> <span class='ocrx_word' id='word_1_11' title='bbox 2314 402 2522 484; x_wconf 80' lang='lat' dir='ltr'>priscis</span> 
     </span>
     <span class='ocr_line' id='line_1_3' title="bbox 717 515 2518 597; baseline -0.001 -20"><span class='ocrx_word' id='word_1_12' title='bbox 717 517 1072 597; x_wconf 84' lang='lat' dir='ltr'>temporibus</span> <span class='ocrx_word' id='word_1_13' title='bbox 1103 516 1171 574; x_wconf 91' lang='lat' dir='ltr'>de</span> <span class='ocrx_word' id='word_1_14' title='bbox 1204 515 1439 575; x_wconf 77' lang='lat' dir='ltr'>scientia</span> <span class='ocrx_word' id='word_1_15' title='bbox 1472 516 1772 594; x_wconf 88' lang='lat' dir='ltr'>navigandi</span> <span class='ocrx_word' id='word_1_16' title='bbox 1797 515 2247 595; x_wconf 87' lang='lat' dir='ltr'>commerciique</span> <span class='ocrx_word' id='word_1_17' title='bbox 2276 517 2518 577; x_wconf 86' lang='lat' dir='ltr'>faculta-</span> 
     </span>
     <span class='ocr_line' id='line_1_4' title="bbox 720 628 2519 710; baseline 0 -21"><span class='ocrx_word' id='word_1_18' title='bbox 720 630 894 703; x_wconf 88' lang='lat' dir='ltr'>tibus,</span> <span class='ocrx_word' id='word_1_19' title='bbox 928 629 1112 689; x_wconf 79' lang='lat' dir='ltr'>ablata</span> <span class='ocrx_word' id='word_1_20' title='bbox 1141 629 1312 688; x_wconf 91' lang='lat' dir='ltr'>etiam</span> <span class='ocrx_word' id='word_1_21' title='bbox 1344 628 1649 688; x_wconf 85' lang='lat' dir='ltr'>Salaminis</span> <span class='ocrx_word' id='word_1_22' title='bbox 1673 629 1875 689; x_wconf 88' lang='lat' dir='ltr'>insulae</span> <span class='ocrx_word' id='word_1_23' title='bbox 1899 628 2279 710; x_wconf 83' lang='lat' dir='ltr'>possessione,</span> <span class='ocrx_word' id='word_1_24' title='bbox 2312 630 2519 690; x_wconf 91' lang='lat' dir='ltr'>aemula</span> 
     </span>
     <span class='ocr_line' id='line_1_5' title="bbox 722 741 2521 824; baseline 0 -21"><span class='ocrx_word' id='word_1_25' title='bbox 722 742 904 803; x_wconf 87' lang='lat' dir='ltr'>studia</span> <span class='ocrx_word' id='word_1_26' title='bbox 955 751 1375 822; x_wconf 78' lang='lat' dir='ltr'>opposuerant,</span> <span class='ocrx_word' id='word_1_27' title='bbox 1432 743 1677 822; x_wconf 85' lang='lat' dir='ltr'>denique</span> <span class='ocrx_word' id='word_1_28' title='bbox 1732 743 2025 824; x_wconf 89' lang='lat' dir='ltr'>egregium</span> <span class='ocrx_word' id='word_1_29' title='bbox 2083 742 2220 802; x_wconf 87' lang='lat' dir='ltr'>illud</span> <span class='ocrx_word' id='word_1_30' title='bbox 2279 741 2521 803; x_wconf 70' lang='lat' dir='ltr'>inventae</span> 
     </span>
     <span class='ocr_line' id='line_1_6' title="bbox 721 854 2522 938; baseline 0.001 -23"><span class='ocrx_word' id='word_1_31' title='bbox 721 855 857 916; x_wconf 87' lang='lat' dir='ltr'>artis</span> <span class='ocrx_word' id='word_1_32' title='bbox 910 856 1147 916; x_wconf 73' lang='lat' dir='ltr'>comicae</span> <span class='ocrx_word' id='word_1_33' title='bbox 1199 857 1373 918; x_wconf 91' lang='lat' dir='ltr'>decus</span> <span class='ocrx_word' id='word_1_34' title='bbox 1422 857 1861 938; x_wconf 69' lang='lat' dir='ltr'>praeripuerant.</span> <span class='ocrx_word' id='word_1_35' title='bbox 1909 857 2073 916; x_wconf 88' lang='lat' dir='ltr'>Unde</span> <span class='ocrx_word' id='word_1_36' title='bbox 2117 856 2295 916; x_wconf 75' lang='lat' dir='ltr'>muita</span> <span class='ocrx_word' id='word_1_37' title='bbox 2340 854 2522 916; x_wconf 82' lang='lat' dir='ltr'>Athe-</span> 
     </span>
     <span class='ocr_line' id='line_1_7' title="bbox 723 969 2529 1050; baseline 0.001 -23"><span class='ocrx_word' id='word_1_38' title='bbox 723 969 1012 1030; x_wconf 89' lang='lat' dir='ltr'>niensium</span> <span class='ocrx_word' id='word_1_39' title='bbox 1049 989 1116 1029; x_wconf 86' lang='lat' dir='ltr'>ac</span> <span class='ocrx_word' id='word_1_40' title='bbox 1163 971 1482 1050; x_wconf 89' lang='lat' dir='ltr'>praesertim</span> <span class='ocrx_word' id='word_1_41' title='bbox 1534 970 1890 1031; x_wconf 77' lang='lat' dir='ltr'>comicorum</span> <span class='ocrx_word' id='word_1_42' title='bbox 1923 979 2223 1050; x_wconf 90' lang='lat' dir='ltr'>poetarum</span> <span class='ocrx_word' id='word_1_43' title='bbox 2257 969 2529 1029; x_wconf 84' lang='lat' dir='ltr'>adversus</span> 
     </span>
     <span class='ocr_line' id='line_1_8' title="bbox 722 1079 2526 1164; baseline -0.001 -21"><span class='ocrx_word' id='word_1_44' title='bbox 722 1084 1084 1162; x_wconf 82' lang='lat' dir='ltr'>Megarenses</span> <span class='ocrx_word' id='word_1_45' title='bbox 1119 1084 1353 1145; x_wconf 86' lang='lat' dir='ltr'>dicteria</span> <span class='ocrx_word' id='word_1_46' title='bbox 1381 1135 1394 1159; x_wconf 89' lang='lat'>,</span> <span class='ocrx_word' id='word_1_47' title='bbox 1429 1105 1586 1164; x_wconf 86' lang='lat' dir='ltr'>quae,</span> <span class='ocrx_word' id='word_1_48' title='bbox 1626 1095 1691 1145; x_wconf 90' lang='lat' dir='ltr'>ut</span> <span class='ocrx_word' id='word_1_49' title='bbox 1724 1085 1792 1144; x_wconf 90' lang='lat' dir='ltr'>ad</span> <span class='ocrx_word' id='word_1_50' title='bbox 1827 1083 2041 1163; x_wconf 89' lang='lat' dir='ltr'>ingenii</span> <span class='ocrx_word' id='word_1_51' title='bbox 2066 1079 2236 1144; x_wconf 85' lang='lat' dir='ltr'>Attici</span> <span class='ocrx_word' id='word_1_52' title='bbox 2267 1082 2526 1144; x_wconf 89' lang='lat' dir='ltr'>auctori-</span> 
     </span>
     <span class='ocr_line' id='line_1_9' title="bbox 723 1196 2526 1279; baseline -0.002 -21"><span class='ocrx_word' id='word_1_53' title='bbox 723 1207 897 1258; x_wconf 86' lang='lat' dir='ltr'>tatem</span> <span class='ocrx_word' id='word_1_54' title='bbox 946 1199 1300 1278; x_wconf 79' lang='lat' dir='ltr'>pertinebat,</span> <span class='ocrx_word' id='word_1_55' title='bbox 1345 1220 1446 1279; x_wconf 88' lang='lat' dir='ltr'>per</span> <span class='ocrx_word' id='word_1_56' title='bbox 1490 1201 1772 1261; x_wconf 76' lang='lat' dir='ltr'>Graeciam</span> <span class='ocrx_word' id='word_1_57' title='bbox 1809 1209 2074 1260; x_wconf 82' lang='lat' dir='ltr'>caeteram</span> <span class='ocrx_word' id='word_1_58' title='bbox 2124 1197 2182 1257; x_wconf 90' lang='lat' dir='ltr'>in</span> <span class='ocrx_word' id='word_1_59' title='bbox 2229 1217 2324 1258; x_wconf 86' lang='lat' dir='ltr'>ora</span> <span class='ocrx_word' id='word_1_60' title='bbox 2371 1196 2526 1276; x_wconf 81' lang='lat' dir='ltr'>vulgi</span> 
     </span>
     <span class='ocr_line' id='line_1_10' title="bbox 724 1311 2524 1392; baseline 0.002 -22"><span class='ocrx_word' id='word_1_61' title='bbox 724 1330 931 1371; x_wconf 88' lang='lat' dir='ltr'>venere</span> <span class='ocrx_word' id='word_1_62' title='bbox 954 1360 968 1385; x_wconf 86' lang='lat'>,</span> <span class='ocrx_word' id='word_1_63' title='bbox 1003 1321 1058 1371; x_wconf 93' lang='lat' dir='ltr'>et</span> <span class='ocrx_word' id='word_1_64' title='bbox 1092 1320 1285 1391; x_wconf 89' lang='lat' dir='ltr'>postea</span> <span class='ocrx_word' id='word_1_65' title='bbox 1329 1333 1357 1371; x_wconf 92' lang='lat' dir='ltr'>a</span> <span class='ocrx_word' id='word_1_66' title='bbox 1404 1312 1780 1392; x_wconf 86' lang='lat' dir='ltr'>scriptoribus</span> <span class='ocrx_word' id='word_1_67' title='bbox 1809 1323 1864 1373; x_wconf 91' lang='lat' dir='ltr'>et</span> <span class='ocrx_word' id='word_1_68' title='bbox 1902 1311 2290 1392; x_wconf 82' lang='lat' dir='ltr'>grammaticis</span> <span class='ocrx_word' id='word_1_69' title='bbox 2330 1321 2524 1373; x_wconf 89' lang='lat' dir='ltr'>trans-</span> 
     </span>
     <span class='ocr_line' id='line_1_11' title="bbox 726 1424 2363 1506; baseline 0.001 -23"><span class='ocrx_word' id='word_1_70' title='bbox 726 1424 900 1484; x_wconf 89' lang='lat' dir='ltr'>missa</span> <span class='ocrx_word' id='word_1_71' title='bbox 924 1473 937 1498; x_wconf 91' lang='lat'>,</span> <span class='ocrx_word' id='word_1_72' title='bbox 978 1424 1038 1483; x_wconf 89' lang='lat' dir='ltr'>in</span> <span class='ocrx_word' id='word_1_73' title='bbox 1066 1434 1322 1485; x_wconf 89' lang='lat' dir='ltr'>nostram</span> <span class='ocrx_word' id='word_1_74' title='bbox 1358 1435 1647 1506; x_wconf 86' lang='lat' dir='ltr'>postremo</span> <span class='ocrx_word' id='word_1_75' title='bbox 1678 1426 1937 1485; x_wconf 80' lang='lat' dir='ltr'>notitiam</span> <span class='ocrx_word' id='word_1_76' title='bbox 1967 1434 2363 1505; x_wconf 85' lang='lat' dir='ltr'>pervaserunt.</span> 
     </span>
    </p>

    <p class='ocr_par' dir='ltr' id='par_1_3' title="bbox 725 1530 2618 2644">
     <span class='ocr_line' id='line_1_12' title="bbox 807 1530 2524 1619; baseline 0.002 -22"><span class='ocrx_word' id='word_1_77' title='bbox 807 1538 886 1598; x_wconf 91' lang='lat' dir='ltr'>Ita</span> <span class='ocrx_word' id='word_1_78' title='bbox 915 1538 1274 1617; x_wconf 86' lang='lat' dir='ltr'>Megarenses</span> <span class='ocrx_word' id='word_1_79' title='bbox 1300 1540 1704 1619; x_wconf 82' lang='lat' dir='ltr'>carpebantur,</span> <span class='ocrx_word' id='word_1_80' title='bbox 1739 1530 1892 1619; x_wconf 87' lang='lat' dir='ltr'>quod</span> <span class='ocrx_word' id='word_1_81' title='bbox 1920 1539 1989 1599; x_wconf 93' lang='lat' dir='ltr'>ad</span> <span class='ocrx_word' id='word_1_82' title='bbox 2016 1548 2269 1598; x_wconf 85' lang='lat' dir='ltr'>mentem</span> <span class='ocrx_word' id='word_1_83' title='bbox 2304 1538 2524 1613; x_wconf 84' lang='lat' dir='ltr'>attinet,</span> 
     </span>
     <span class='ocr_line' id='line_1_13' title="bbox 725 1652 2530 1732; baseline 0.001 -22"><span class='ocrx_word' id='word_1_84' title='bbox 725 1659 997 1730; x_wconf 83' lang='lat' dir='ltr'>tanquam</span> <span class='ocrx_word' id='word_1_85' title='bbox 1033 1652 1202 1712; x_wconf 75' lang='lat' dir='ltr'>rudes</span> <span class='ocrx_word' id='word_1_86' title='bbox 1239 1661 1294 1712; x_wconf 93' lang='lat' dir='ltr'>et</span> <span class='ocrx_word' id='word_1_87' title='bbox 1330 1653 1555 1731; x_wconf 72' lang='lat' dir='ltr'>inficeti</span> <span class='ocrx_word' id='word_1_88' title='bbox 1575 1653 1624 1723; x_wconf 90' lang='lat'>¹‚·</span> <span class='ocrx_word' id='word_1_89' title='bbox 1658 1653 1808 1732; x_wconf 86' lang='lat' dir='ltr'>quod</span> <span class='ocrx_word' id='word_1_90' title='bbox 1831 1655 1898 1714; x_wconf 92' lang='lat' dir='ltr'>ad</span> <span class='ocrx_word' id='word_1_91' title='bbox 1925 1653 2176 1712; x_wconf 82' lang='lat' dir='ltr'>indolem</span> <span class='ocrx_word' id='word_1_92' title='bbox 2197 1700 2212 1726; x_wconf 87' lang='lat'>,</span> <span class='ocrx_word' id='word_1_93' title='bbox 2257 1660 2530 1730; x_wconf 87' lang='lat' dir='ltr'>tanquam</span> 
     </span>
     <span class='ocr_line' id='line_1_14' title="bbox 728 1763 2618 1845; baseline 0.001 -22"><span class='ocrx_word' id='word_1_94' title='bbox 728 1764 912 1824; x_wconf 75' lang='lat' dir='ltr'>dolosi</span> <span class='ocrx_word' id='word_1_95' title='bbox 938 1765 1268 1845; x_wconf 70' lang='lat' dir='ltr'>persidique</span> <span class='ocrx_word' id='word_1_96' title='bbox 1292 1787 1310 1825; x_wconf 91' lang='lat'><em>:</em></span> <span class='ocrx_word' id='word_1_97' title='bbox 1336 1767 1445 1826; x_wconf 88' lang='lat' dir='ltr'>hoc</span> <span class='ocrx_word' id='word_1_98' title='bbox 1472 1767 1627 1826; x_wconf 92' lang='lat' dir='ltr'>enim</span> <span class='ocrx_word' id='word_1_99' title='bbox 1655 1766 2053 1845; x_wconf 84' lang='lat' dir='ltr'>significabant</span> <span class='ocrx_word' id='word_1_100' title='bbox 2081 1786 2178 1826; x_wconf 75' lang='lat' dir='ltr'>ars</span> <span class='ocrx_word' id='word_1_101' title='bbox 2201 1763 2532 1844; x_wconf 73' lang='lat' dir='ltr'>Meqarioa²</span> <span class='ocrx_word' id='word_1_102' title='bbox 2609 1831 2618 1835; x_wconf 51' lang='grc'><strong>,</strong></span> 
     </span>
     <span class='ocr_line' id='line_1_15' title="bbox 730 1878 2528 1961; baseline 0.001 -22"><span class='ocrx_word' id='word_1_103' title='bbox 730 1878 1027 1959; x_wconf 65' lang='grc' dir='ltr'>(Μεγαρική</span> <span class='ocrx_word' id='word_1_104' title='bbox 1068 1892 1262 1960; x_wconf 66' lang='grc' dir='ltr'>μηχανή</span> <span class='ocrx_word' id='word_1_105' title='bbox 1290 1882 1333 1961; x_wconf 79' lang='lat'>)‚</span> <span class='ocrx_word' id='word_1_106' title='bbox 1379 1881 1661 1959; x_wconf 73' lang='lat' dir='ltr'>Meqarz&#39;ci</span> <span class='ocrx_word' id='word_1_107' title='bbox 1693 1882 1916 1960; x_wconf 78' lang='lat' dir='ltr'>fletus³,</span> <span class='ocrx_word' id='word_1_108' title='bbox 1954 1882 2274 1959; x_wconf 58' lang='lat' dir='ltr'>Megaricus</span> <span class='ocrx_word' id='word_1_109' title='bbox 2321 1880 2528 1953; x_wconf 74' lang='lat' dir='ltr'>risus⁴,</span> 
     </span>
     <span class='ocr_line' id='line_1_16' title="bbox 729 1992 2532 2075; baseline 0.002 -25"><span class='ocrx_word' id='word_1_110' title='bbox 729 1992 852 2052; x_wconf 87' lang='lat' dir='ltr'>vice</span> <span class='ocrx_word' id='word_1_111' title='bbox 900 1994 1338 2073; x_wconf 89' lang='lat' dir='ltr'>proverbiorum</span> <span class='ocrx_word' id='word_1_112' title='bbox 1397 1996 1564 2075; x_wconf 84' lang='lat' dir='ltr'>vulgo</span> <span class='ocrx_word' id='word_1_113' title='bbox 1619 1996 1899 2075; x_wconf 89' lang='lat' dir='ltr'>usurpati.</span> <span class='ocrx_word' id='word_1_114' title='bbox 1954 1996 2184 2075; x_wconf 87' lang='lat' dir='ltr'>Nempe</span> <span class='ocrx_word' id='word_1_115' title='bbox 2231 1994 2532 2073; x_wconf 87' lang='lat' dir='ltr'>Megaricae</span> 
     </span>
     <span class='ocr_line' id='line_1_17' title="bbox 730 2106 2528 2189; baseline 0.002 -25"><span class='ocrx_word' id='word_1_116' title='bbox 730 2106 1067 2167; x_wconf 85' lang='lat' dir='ltr'>dicebantur</span> <span class='ocrx_word' id='word_1_117' title='bbox 1120 2108 1384 2189; x_wconf 82' lang='lat' dir='ltr'>lacrymae</span> <span class='ocrx_word' id='word_1_118' title='bbox 1447 2109 1595 2170; x_wconf 88' lang='lat' dir='ltr'>fictae</span> <span class='ocrx_word' id='word_1_119' title='bbox 1659 2128 1766 2169; x_wconf 91' lang='lat' dir='ltr'>nec</span> <span class='ocrx_word' id='word_1_120' title='bbox 1821 2108 1935 2168; x_wconf 85' lang='lat' dir='ltr'>veri</span> <span class='ocrx_word' id='word_1_121' title='bbox 1984 2109 2221 2169; x_wconf 76' lang='lat' dir='ltr'>affectus</span> <span class='ocrx_word' id='word_1_122' title='bbox 2273 2107 2528 2181; x_wconf 77' lang='lat' dir='ltr'>indiceS‚</span> 
     </span>
     <span class='ocr_line' id='line_1_18' title="bbox 732 2220 2531 2300; baseline 0.002 -22"><span class='ocrx_word' id='word_1_123' title='bbox 732 2220 924 2299; x_wconf 88' lang='lat' dir='ltr'>quales</span> <span class='ocrx_word' id='word_1_124' title='bbox 967 2220 1209 2281; x_wconf 87' lang='lat' dir='ltr'>excitare</span> <span class='ocrx_word' id='word_1_125' title='bbox 1252 2223 1393 2282; x_wconf 88' lang='lat' dir='ltr'>solet</span> <span class='ocrx_word' id='word_1_126' title='bbox 1437 2242 1567 2283; x_wconf 89' lang='lat' dir='ltr'>acer</span> <span class='ocrx_word' id='word_1_127' title='bbox 1604 2223 1869 2284; x_wconf 87' lang='lat' dir='ltr'>alliorum</span> <span class='ocrx_word' id='word_1_128' title='bbox 1916 2223 2056 2282; x_wconf 86' lang='lat' dir='ltr'>odor</span> <span class='ocrx_word' id='word_1_129' title='bbox 2096 2244 2107 2280; x_wconf 91' lang='lat'>:</span> <span class='ocrx_word' id='word_1_130' title='bbox 2148 2221 2392 2300; x_wconf 87' lang='lat' dir='ltr'>Megaris</span> <span class='ocrx_word' id='word_1_131' title='bbox 2421 2242 2531 2282; x_wconf 90' lang='lat' dir='ltr'>au-</span> 
     </span>
     <span class='ocr_line' id='line_1_19' title="bbox 731 2334 2530 2409; baseline 0.001 -18"><span class='ocrx_word' id='word_1_132' title='bbox 731 2339 869 2406; x_wconf 88' lang='lat' dir='ltr'>tem,</span> <span class='ocrx_word' id='word_1_133' title='bbox 896 2341 959 2392; x_wconf 89' lang='lat' dir='ltr'>ut</span> <span class='ocrx_word' id='word_1_134' title='bbox 983 2334 1266 2409; x_wconf 84' lang='lat' dir='ltr'>novimus,</span> <span class='ocrx_word' id='word_1_135' title='bbox 1293 2335 1556 2396; x_wconf 89' lang='lat' dir='ltr'>alliorum</span> <span class='ocrx_word' id='word_1_136' title='bbox 1595 2338 1766 2396; x_wconf 77' lang='lat' dir='ltr'>ferax,</span> <span class='ocrx_word' id='word_1_137' title='bbox 1802 2336 1959 2396; x_wconf 89' lang='lat' dir='ltr'>Idem</span> <span class='ocrx_word' id='word_1_138' title='bbox 1991 2334 2273 2396; x_wconf 85' lang='lat' dir='ltr'>mendacii</span> <span class='ocrx_word' id='word_1_139' title='bbox 2307 2334 2530 2395; x_wconf 89' lang='lat' dir='ltr'>crimen</span> 
     </span>
     <span class='ocr_line' id='line_1_20' title="bbox 734 2448 2537 2534; baseline 0 -26"><span class='ocrx_word' id='word_1_140' title='bbox 734 2448 985 2509; x_wconf 83' lang='lat' dir='ltr'>subierat</span> <span class='ocrx_word' id='word_1_141' title='bbox 1017 2450 1335 2534; x_wconf 84' lang='lat' dir='ltr'>Megaricus</span> <span class='ocrx_word' id='word_1_142' title='bbox 1367 2452 1536 2525; x_wconf 75' lang='lat' dir='ltr'>risuS,</span> <span class='ocrx_word' id='word_1_143' title='bbox 1563 2452 1711 2512; x_wconf 86' lang='lat' dir='ltr'>sicut</span> <span class='ocrx_word' id='word_1_144' title='bbox 1742 2451 2035 2532; x_wconf 88' lang='lat' dir='ltr'>aptissime</span> <span class='ocrx_word' id='word_1_145' title='bbox 2062 2450 2328 2530; x_wconf 85' lang='lat' dir='ltr'>exprimit</span> <span class='ocrx_word' id='word_1_146' title='bbox 2355 2448 2537 2530; x_wconf 90' lang='lat' dir='ltr'>ipsius</span> 
     </span>
     <span class='ocr_line' id='line_1_21' title="bbox 733 2562 1613 2644; baseline 0.002 -23"><span class='ocrx_word' id='word_1_147' title='bbox 733 2562 1082 2639; x_wconf 82' lang='lat' dir='ltr'>Megarensis</span> <span class='ocrx_word' id='word_1_148' title='bbox 1118 2572 1299 2644; x_wconf 88' lang='lat' dir='ltr'>poetae</span> <span class='ocrx_word' id='word_1_149' title='bbox 1338 2566 1567 2644; x_wconf 90' lang='lat' dir='ltr'>querela</span> <span class='ocrx_word' id='word_1_150' title='bbox 1603 2586 1613 2623; x_wconf 90' lang='lat'>:</span> 
     </span>
    </p>
   </div>
   <div class='ocr_carea' id='block_1_3' title="bbox 1015 2723 2201 2787">
    <p class='ocr_par' dir='ltr' id='par_1_4' title="bbox 1015 2723 2201 2787">
     <span class='ocr_line' id='line_1_22' title="bbox 1015 2723 2201 2787; baseline 0.003 -23"><span class='ocrx_word' id='word_1_151' title='bbox 1015 2740 1031 2764; x_wconf 69' lang='grc' dir='ltr'>(ι</span> <span class='ocrx_word' id='word_1_152' title='bbox 1055 2726 1255 2778; x_wconf 74' lang='grc' dir='ltr'>ἀλλήλους</span> <span class='ocrx_word' id='word_1_153' title='bbox 1280 2723 1315 2768; x_wconf 85' lang='grc' dir='ltr'>δ’</span> <span class='ocrx_word' id='word_1_154' title='bbox 1339 2729 1555 2771; x_wconf 65' lang='grc' dir='ltr'>ἀπατῶσιν</span> <span class='ocrx_word' id='word_1_155' title='bbox 1580 2724 1645 2769; x_wconf 74' lang='grc' dir='ltr'>ἐπ’</span> <span class='ocrx_word' id='word_1_156' title='bbox 1665 2726 1878 2774; x_wconf 77' lang='grc' dir='ltr'>ἀλλήλοισι</span> <span class='ocrx_word' id='word_1_157' title='bbox 1900 2729 2116 2787; x_wconf 66' lang='grc' dir='ltr'>γελῶντες.</span> <span class='ocrx_word' id='word_1_158' title='bbox 2139 2725 2155 2751; x_wconf 71' lang='lat'><strong>⁵</strong></span> <span class='ocrx_word' id='word_1_159' title='bbox 2183 2741 2201 2767; x_wconf 66' lang='grc' dir='ltr'><strong><em>ι</em></strong></span> 
     </span>
    </p>
   </div>
   <div class='ocr_carea' id='block_1_4' title="bbox 819 2860 2536 2940">
    <p class='ocr_par' dir='ltr' id='par_1_5' title="bbox 819 2860 2536 2940">
     <span class='ocr_line' id='line_1_23' title="bbox 819 2860 2536 2940; baseline -0.001 -19"><span class='ocrx_word' id='word_1_160' title='bbox 819 2862 927 2921; x_wconf 84' lang='lat' dir='ltr'>Sed</span> <span class='ocrx_word' id='word_1_161' title='bbox 975 2861 1221 2922; x_wconf 88' lang='lat' dir='ltr'>maxime</span> <span class='ocrx_word' id='word_1_162' title='bbox 1271 2861 1344 2922; x_wconf 88' lang='lat' dir='ltr'>ita</span> <span class='ocrx_word' id='word_1_163' title='bbox 1395 2862 1831 2923; x_wconf 83' lang='lat' dir='ltr'>celebrabantur</span> <span class='ocrx_word' id='word_1_164' title='bbox 1880 2862 2238 2940; x_wconf 84' lang='lat' dir='ltr'>Megarenses</span> <span class='ocrx_word' id='word_1_165' title='bbox 2285 2869 2352 2922; x_wconf 86' lang='lat' dir='ltr'>ut</span> <span class='ocrx_word' id='word_1_166' title='bbox 2385 2860 2536 2922; x_wconf 75' lang='lat' dir='ltr'>risus</span> 
     </span>
    </p>
   </div>
   <div class='ocr_carea' id='block_1_5' title="bbox 740 3056 2536 3566">
    <p class='ocr_par' dir='ltr' id='par_1_6' title="bbox 740 3056 2536 3227">
     <span class='ocr_line' id='line_1_24' title="bbox 807 3056 2536 3137; baseline 0.001 -14"><span class='ocrx_word' id='word_1_167' title='bbox 807 3079 820 3104; x_wconf 80' lang='lat'>¹</span> <span class='ocrx_word' id='word_1_168' title='bbox 859 3075 1040 3123; x_wconf 79' lang='lat' dir='ltr'>AEnan.</span> <span class='ocrx_word' id='word_1_169' title='bbox 1068 3075 1185 3125; x_wconf 76' lang='lat' dir='ltr'>var.</span> <span class='ocrx_word' id='word_1_170' title='bbox 1229 3073 1354 3123; x_wconf 69' lang='lat' dir='ltr'>nist.</span> <span class='ocrx_word' id='word_1_171' title='bbox 1381 3074 1492 3133; x_wconf 81' lang='lat' dir='ltr'>xii,</span> <span class='ocrx_word' id='word_1_172' title='bbox 1537 3075 1617 3122; x_wconf 80' lang='lat'>56.</span> <span class='ocrx_word' id='word_1_173' title='bbox 1658 3074 1727 3124; x_wconf 80' lang='lat' dir='ltr'>oe</span> <span class='ocrx_word' id='word_1_174' title='bbox 1762 3074 1942 3124; x_wconf 74' lang='lat' dir='ltr'>horum</span> <span class='ocrx_word' id='word_1_175' title='bbox 1976 3056 2240 3137; x_wconf 69' lang='lat' dir='ltr'>permultis</span> <span class='ocrx_word' id='word_1_176' title='bbox 2274 3072 2350 3123; x_wconf 75' lang='lat' dir='ltr'>cr.</span> <span class='ocrx_word' id='word_1_177' title='bbox 2387 3073 2536 3124; x_wconf 76' lang='lat' dir='ltr'>aein-</span> 
     </span>
     <span class='ocr_line' id='line_1_25' title="bbox 740 3163 1717 3227; baseline -0.001 -16"><span class='ocrx_word' id='word_1_178' title='bbox 740 3176 956 3227; x_wconf 82' lang='lat' dir='ltr'>ganum,</span> <span class='ocrx_word' id='word_1_179' title='bbox 985 3177 1035 3225; x_wconf 92' lang='lat' dir='ltr'>p.</span> <span class='ocrx_word' id='word_1_180' title='bbox 1065 3163 1148 3210; x_wconf 77' lang='lat'>56.</span> <span class='ocrx_word' id='word_1_181' title='bbox 1715 3216 1717 3218; x_wconf 53' lang='grc'><strong>,</strong></span> 
     </span>
    </p>

    <p class='ocr_par' dir='ltr' id='par_1_7' title="bbox 807 3249 2502 3313">
     <span class='ocr_line' id='line_1_26' title="bbox 807 3249 2502 3313; baseline -0.001 -14"><span class='ocrx_word' id='word_1_182' title='bbox 807 3256 825 3279; x_wconf 72' lang='lat'>‘2</span> <span class='ocrx_word' id='word_1_183' title='bbox 861 3251 1113 3313; x_wconf 88' lang='lat' dir='ltr'>Aristoph.</span> <span class='ocrx_word' id='word_1_184' title='bbox 1145 3251 1357 3300; x_wconf 85' lang='lat' dir='ltr'>Acharn.</span> <span class='ocrx_word' id='word_1_185' title='bbox 1389 3253 1503 3299; x_wconf 77' lang='lat'><strong>758.</strong></span> <span class='ocrx_word' id='word_1_186' title='bbox 1532 3250 1698 3299; x_wconf 82' lang='lat' dir='ltr'>Schol.</span> <span class='ocrx_word' id='word_1_187' title='bbox 1727 3251 1789 3300; x_wconf 80' lang='lat' dir='ltr'>ad</span> <span class='ocrx_word' id='word_1_188' title='bbox 1817 3251 1947 3299; x_wconf 85' lang='lat' dir='ltr'>hunc</span> <span class='ocrx_word' id='word_1_189' title='bbox 1972 3251 2155 3300; x_wconf 86' lang='lat' dir='ltr'>locum.</span> <span class='ocrx_word' id='word_1_190' title='bbox 2185 3249 2361 3299; x_wconf 85' lang='lat' dir='ltr'>Suidas</span> <span class='ocrx_word' id='word_1_191' title='bbox 2383 3263 2424 3298; x_wconf 92' lang='lat' dir='ltr'>s.</span> <span class='ocrx_word' id='word_1_192' title='bbox 2451 3263 2502 3297; x_wconf 82' lang='lat' dir='ltr'>v.</span> 
     </span>
    </p>

    <p class='ocr_par' dir='ltr' id='par_1_8' title="bbox 807 3338 1924 3401">
     <span class='ocr_line' id='line_1_27' title="bbox 807 3338 1924 3401; baseline 0 -15"><span class='ocrx_word' id='word_1_193' title='bbox 807 3343 824 3368; x_wconf 75' lang='lat'>⁵</span> <span class='ocrx_word' id='word_1_194' title='bbox 858 3339 1024 3387; x_wconf 84' lang='lat' dir='ltr'>Schol.</span> <span class='ocrx_word' id='word_1_195' title='bbox 1055 3338 1309 3401; x_wconf 84' lang='lat' dir='ltr'>Aristoph.</span> <span class='ocrx_word' id='word_1_196' title='bbox 1340 3338 1466 3397; x_wconf 81' lang='lat' dir='ltr'>Pax,</span> <span class='ocrx_word' id='word_1_197' title='bbox 1496 3339 1611 3386; x_wconf 69' lang='lat'><strong>249.</strong></span> <span class='ocrx_word' id='word_1_198' title='bbox 1633 3338 1777 3387; x_wconf 85' lang='lat' dir='ltr'>Suid.</span> <span class='ocrx_word' id='word_1_199' title='bbox 1807 3353 1847 3387; x_wconf 90' lang='lat' dir='ltr'>s.</span> <span class='ocrx_word' id='word_1_200' title='bbox 1880 3353 1924 3386; x_wconf 87' lang='lat' dir='ltr'>v.</span> 
     </span>
    </p>

    <p class='ocr_par' dir='ltr' id='par_1_9' title="bbox 807 3423 1969 3493">
     <span class='ocr_line' id='line_1_28' title="bbox 807 3423 1969 3493; baseline 0 -18"><span class='ocrx_word' id='word_1_201' title='bbox 807 3431 826 3456; x_wconf 77' lang='lat'>⁴</span> <span class='ocrx_word' id='word_1_202' title='bbox 862 3427 1069 3490; x_wconf 78' lang='lat' dir='ltr'>Hesycli.</span> <span class='ocrx_word' id='word_1_203' title='bbox 1101 3444 1146 3478; x_wconf 90' lang='lat' dir='ltr'>v.</span> <span class='ocrx_word' id='word_1_204' title='bbox 1172 3423 1318 3493; x_wconf 52' lang='grc' dir='ltr'>γέλως.</span> <span class='ocrx_word' id='word_1_205' title='bbox 1346 3427 1483 3476; x_wconf 88' lang='lat' dir='ltr'>Suid.</span> <span class='ocrx_word' id='word_1_206' title='bbox 1513 3427 1606 3477; x_wconf 89' lang='lat' dir='ltr'>sub</span> <span class='ocrx_word' id='word_1_207' title='bbox 1631 3426 1805 3476; x_wconf 72' lang='lat' dir='ltr'>eadem</span> <span class='ocrx_word' id='word_1_208' title='bbox 1831 3441 1969 3477; x_wconf 86' lang='lat' dir='ltr'>voce.</span> 
     </span>
    </p>

    <p class='ocr_par' dir='ltr' id='par_1_10' title="bbox 809 3515 1737 3566">
     <span class='ocr_line' id='line_1_29' title="bbox 809 3515 1737 3566; baseline -0.002 -1"><span class='ocrx_word' id='word_1_209' title='bbox 809 3519 827 3545; x_wconf 72' lang='lat'>⁵</span> <span class='ocrx_word' id='word_1_210' title='bbox 862 3517 921 3565; x_wconf 89' lang='lat' dir='ltr'>V.</span> <span class='ocrx_word' id='word_1_211' title='bbox 951 3516 1068 3565; x_wconf 67' lang='lat'>885.</span> <span class='ocrx_word' id='word_1_212' title='bbox 1096 3515 1166 3565; x_wconf 87' lang='lat' dir='ltr'>Cf.</span> <span class='ocrx_word' id='word_1_213' title='bbox 1198 3532 1242 3565; x_wconf 84' lang='lat' dir='ltr'>v.</span> <span class='ocrx_word' id='word_1_214' title='bbox 1267 3518 1346 3565; x_wconf 50' lang='lat'>117.</span> <span class='ocrx_word' id='word_1_215' title='bbox 1377 3516 1456 3566; x_wconf 91' lang='lat' dir='ltr'>ed.</span> <span class='ocrx_word' id='word_1_216' title='bbox 1486 3515 1737 3565; x_wconf 84' lang='lat' dir='ltr'>Welcker.</span> 
     </span>
    </p>
   </div>
  </div>
 </body>
</html>
