2800 4368
1426 331 1745 390 „32-

690 474 863 537 etiam
907 474 1119 534 bellum
1174 472 1439 532 Cretense
1484 472 1682 534 fuisset
1725 482 2006 534 exortum.
2053 477 2274 556 Templi
2307 477 2378 538 ab
2423 497 2489 538 eo

692 575 960 639 exstructi
985 574 1054 634 ad
1077 573 1254 633 limen
1279 573 1530 633 filiarum
1556 574 1678 652 ejus
1706 574 2036 654 Astycratiae
2060 584 2116 637 et
2148 577 2372 640 Mantus
2395 600 2487 640 se-

691 689 888 768 pulcra
932 686 1121 746 videre
1149 694 1268 746 erat
1291 707 1304 760 ;
1336 696 1503 765 atque
1532 686 1687 747 intus
1708 687 2110 749 ostendebatur
2137 690 2210 751 ab
2232 691 2356 770 ejus
2382 712 2487 753 ne-

691 810 822 880 pote
853 799 1193 860 Euchenore
1230 807 1446 859 sacrata
1472 798 1700 859 Baccho
1743 808 1999 882 Δασυλλίῳ
2036 810 2218 863 statua
2247 802 2316 833 ¹

770 915 1082 975 Minervam
1118 913 1423 975 verisimile
1469 921 1553 973 est
1588 913 1754 975 Iones
1788 913 2007 976 Atticos
2028 965 2042 991 ,
2084 934 2197 995 quo
2233 926 2491 997 tempore

689 1031 999 1113 imperium
1049 1031 1109 1091 in
1163 1031 1444 1110 Megarica
1492 1032 1680 1093 littora
1736 1034 2139 1108 extenderent,
2195 1033 2493 1107 colendam

690 1145 1120 1226 Megarensibus
1149 1144 1554 1206 transmisisse.
1590 1146 1640 1205 A
1670 1150 1781 1226 qua
1811 1148 2081 1228 opinione
2111 1166 2229 1208 non
2270 1148 2490 1209 disere,

688 1269 825 1341 pant
890 1278 1095 1339 rupes,
1153 1257 1244 1317 cui
1308 1257 1566 1318 adstabat
1622 1259 1933 1322 Pandionis
1999 1270 2487 1337 monumentum,

686 1373 955 1434 Minervae
1011 1370 1205 1449 Merqo
1252 1369 1469 1450 (Αίθυίᾳ)
1506 1370 1780 1447 sacrata²‚
1817 1382 1872 1434 et
1906 1374 2189 1454 templum
2237 1364 2492 1454 ejusdem

685 1490 817 1549 Deae
863 1488 923 1547 in
973 1506 1105 1578 arce
1148 1486 1447 1548 Alcathoia
1493 1487 1900 1548 aedificatum⁵.
1953 1487 2183 1547 Scilicet
2217 1488 2330 1548 hoc
2378 1487 2491 1548 duo

681 1608 829 1681 alia,
884 1606 1032 1666 sicut
1068 1603 1454 1664 Erechtheion
1505 1601 1778 1675 Athenis,
1835 1602 2199 1681 complexum
2255 1619 2378 1661 esse
2425 1621 2492 1662 ex

685 1720 986 1783 Pausaniae
1028 1719 1218 1780 verbis
1249 1717 1587 1797 intelligitur
1619 1740 1629 1776 :
1669 1726 1978 1795 utrumque
2018 1716 2286 1777 Minervae
2320 1716 2491 1777 etiam
2583 1751 2586 1753 Δ

685 1835 959 1909 dicatum,
993 1851 1178 1894 unum
1211 1832 1495 1906 Victoriae,
1530 1831 1775 1892 alterum
1799 1829 2100 1904 AEantidz',
2134 1829 2194 1888 in
2212 1848 2324 1908 quo
2359 1830 2490 1890 Deae

685 1949 856 2028 hujus
889 1955 1072 2007 statua
1100 1965 1131 2006 a
1164 1946 1475 2005 Telamone
1513 1944 1696 2024 posita
1731 1950 1870 2003 erat.
1912 1941 2021 2002 Hic
2045 1942 2494 2022 deprehenditur

684 2061 754 2120 ad
795 2058 1201 2120 celebrandum
1242 2056 1510 2117 Minervae
1561 2075 1778 2116 numen
1817 2054 2080 2114 nonnihil
2129 2055 2200 2116 ab
2236 2053 2488 2115 AEacidis

695 2172 1020 2235 Salaminiis
1048 2172 1322 2248 collatum
1357 2170 1551 2231 fuisse.

766 2288 848 2349 De
881 2288 1102 2347 Venere
1140 2284 1285 2344 nihil
1324 2282 1692 2365 peculiariter
1726 2281 2072 2355 dicendum3
2114 2288 2386 2341 caeterum
2419 2278 2489 2339 ad

685 2421 812 2463 eam
862 2402 1043 2462 infra⁴
1086 2401 1255 2481 paulo
1291 2399 1492 2460 ⁴fusius
1547 2397 1883 2458 redibimus.
1937 2395 2126 2456 Minus
2174 2394 2344 2455 etiam
2393 2392 2489 2454 alii

683 2514 774 2574 Dii
804 2515 1164 2577 memorandi
1189 2523 1337 2586 sunt,
1357 2513 1622 2592 Megarae,
1651 2511 1800 2572 sicut
1821 2510 2035 2590 ubique
2056 2509 2207 2590 apud
2231 2508 2482 2579 Graecos,

684 2628 781 2689 sed
806 2647 923 2689 non
953 2628 1244 2708 praecipue
1277 2625 1564 2686 honorati.
1601 2625 1732 2684 Non
1759 2632 1951 2684 autem
1986 2622 2212 2683 silentio
2242 2629 2484 2701 praeter«-

683 2744 978 2805 mittemus
1015 2741 1279 2820 quaedam
1329 2737 1547 2799 ordinis
1590 2736 1875 2797 inferioris
1897 2786 1911 2812 ,
1951 2745 2007 2797 at
2053 2735 2176 2796 sine
2212 2732 2389 2795 dubio
2419 2753 2485 2793 ex

677 2858 798 2939 ipsa
834 2855 1117 2935 Megaride
1160 2854 1400 2915 oriunda
1442 2852 1715 2925 numina,
1764 2850 1981 2912 scilicet
2010 2849 2342 2910 Sichnides⁵
2386 2856 2487 2908 aut

687 2970 960 3033 Thaides⁶
999 2970 1321 3050 Nymphas,
1353 2967 1526 3028 fontis
1558 2964 1835 3047 praecipui
1882 2964 2189 3045 praesides3
2240 2978 2484 3044 quarum

751 3162 765 3186 ¹
805 3158 947 3206 Paus.
976 3156 1011 3204 l.
1041 3157 1076 3204 l.

751 3251 768 3277 ²
804 3246 947 3295 Paus.
976 3244 1028 3303 Ι,
1059 3244 1122 3302 5,
1152 3244 1199 3290 5.
1272 3265 1274 3267 ·

750 3333 953 3391 ³1d.l,
980 3332 1080 3390 42,
1107 3332 1189 3388 4,·

750 3428 766 3455 ¹·
802 3422 913 3471 Vid.
941 3433 1052 3483 cap.
1081 3417 1172 3478 IV,
1201 3419 1222 3479 ἓ
1252 3417 1307 3465 lI.

751 3516 768 3541 ⁵
805 3507 1029 3567 Paus.1,
1057 3508 1155 3565 40,
1186 3508 1233 3553 1.

748 3606 768 3631 ⁶
805 3602 968 3664 Etym.
996 3599 1161 3662 Magn.
1192 3609 1299 3645 VOC.
1328 3599 1535 3660 Γεράνεια.
