2800 4368
1421 267 1741 328 „40-

770 409 1172 486 Quoscumque
1196 408 1269 467 ob
1293 427 1457 469 casus
1480 418 1561 469 tot
1583 411 1820 471 coloniae
1847 412 2349 491 proficiscerentur
2369 466 2383 491 ,
2411 430 2479 477 eo
2589 494 2591 499 Ι

689 530 943 600 tempore
979 521 1265 599 Megaram
1314 521 1480 581 nobis
1511 522 1783 601 fingimus
1814 524 2032 586 civibus
2068 523 2481 590 redundantem
2550 584 2552 586 ,

687 643 741 692 et
773 633 932 711 quasi
957 635 1203 712 quodam
1233 635 1415 694 vivido
1462 655 1634 696 sueoo
1671 647 2086 716 praegnantem.
2124 639 2263 710 Quae
2293 650 2483 702 autem

688 765 858 806 causa
915 766 1006 807 res
1067 748 1488 827 Megarensium
1533 769 1599 810 eo
1648 751 2040 830 prosperitatis
2090 764 2483 833 promoverat,

687 861 883 920 eadem
920 860 1001 920 eis
1042 861 1101 920 in
1132 862 1450 941 perniciem
1476 882 1637 924 versa
1675 871 1796 938 est,
1849 875 2151 945 postquam
2181 868 2490 947 praecipuae

689 974 1025 1034 Graecorum
1062 974 1315 1037 civitates
1351 977 1411 1035 in
1449 979 1636 1059 majus
1674 988 1855 1039 auetae
1886 989 1941 1040 et
1964 980 2085 1060 jam
2121 980 2349 1061 imperii
2382 966 2490 1042 eu4

686 1087 834 1167 pidae
861 1136 875 1162 ,
927 1087 1181 1150 minores
1232 1090 1478 1151 dissidiis
1524 1092 1640 1152 suis
1677 1092 1972 1173 implicare
2033 1103 2089 1155 et
2149 1095 2481 1175 opprimere

689 1211 1004 1281 coeperunt.
1045 1204 1327 1264 Isthmum
1356 1204 1508 1263 enim
1535 1214 1590 1266 et
1620 1206 1964 1285 Megaridem
2002 1227 2236 1269 neeesse
2271 1208 2378 1290 fuit
2430 1218 2496 1270 ut

696 1317 1014 1397 saepissime
1047 1318 1358 1378 transirent
1396 1319 1584 1398 primo
1609 1320 1986 1383 Athenienses
2017 1342 2084 1384 ao
2124 1324 2496 1385 Lacedaemo-

692 1430 812 1505 nii,
852 1450 1032 1509 quum
1068 1431 1127 1490 in
1165 1451 1224 1492 se
1269 1432 1518 1493 invicem
1560 1433 1943 1513 irruptionem
1975 1435 2262 1510 facerent3
2303 1446 2497 1516 postea

697 1553 752 1604 et
773 1544 986 1620 Boeoti,
1018 1554 1073 1604 et
1106 1545 1446 1607 Macedones
1468 1595 1481 1621 ‚
1518 1555 1573 1606 et
1595 1547 1872 1622 Romani,
1902 1539 2081 1627 quum
2111 1549 2352 1628 singuli,
2377 1551 2498 1630 jam

702 1659 923 1718 Graecia
971 1659 1272 1739 superiore
1298 1660 1463 1740 potiti
1494 1708 1508 1735 ,
1543 1660 1603 1719 in
1640 1661 2108 1741 Peloponnesum
2137 1681 2376 1723 manum
2404 1662 2499 1722 in-

689 1771 868 1851 jicere
893 1773 1363 1852 aggrederentur.
1403 1775 1567 1835 Unde
1597 1795 1867 1855 agrorum
1906 1776 2307 1856 populationes
2329 1795 2395 1836 ao
2409 1776 2503 1838 di-

700 1885 986 1965 reptiones
1018 1887 1252 1948 urbium
1283 1888 1695 1969 vicorumque3
1731 1891 1940 1970 quibus
1975 1891 2245 1951 effectum
2276 1899 2394 1964 est,
2443 1898 2508 1950 ut

699 2001 1058 2079 Megarenses
1103 2021 1289 2080 neque
1321 2023 1352 2062 a
1385 2003 1660 2063 ecmtinua
1685 2004 1970 2064 bellorum
2000 2003 2506 2084 trepidationere-

703 2113 918 2193 spirare
966 2115 1277 2195 potuerint,
1312 2134 1498 2194 neque
1531 2116 1665 2176 satis
1689 2117 1741 2177 ei
1769 2118 1880 2178 fato
1924 2117 2221 2191 resistere,
2257 2117 2409 2196 quod
2440 2137 2508 2177 ex

703 2229 907 2290 Medici
935 2230 1068 2290 belli
1090 2239 1348 2310 tempore
1373 2231 1552 2291 secuti
1575 2230 1789 2291 sensim
1821 2250 1888 2291 eo
1919 2230 2257 2291 deciderunt
2279 2239 2374 2305 ut,
2410 2231 2511 2292 Ci-

706 2344 930 2405 ceronis
978 2354 1167 2420 aetate,
1209 2345 1356 2404 inter
1410 2345 1647 2406 illustria
1701 2345 1939 2405 Graeeiae
1981 2346 2186 2406 rudera
2217 2343 2233 2373 ¹
2279 2345 2512 2424 Megara

640 2495 643 2497 >
707 2467 1143 2518 memoraretur.
1293 2452 1295 2454 ’

790 2570 980 2650 Itaque
1023 2574 1131 2634 situ
1174 2593 1276 2635 suo
1306 2574 1366 2632 in
1407 2584 1713 2655 utrumque
1750 2576 1972 2655 Megara
2009 2577 2250 2638 deducta
2293 2584 2407 2650 est,
2447 2583 2513 2636 ut

710 2694 765 2744 et
795 2703 931 2765 opes
969 2706 1203 2766 magnas
1239 2688 1346 2748 sibi
1391 2692 1781 2769 compararet,
1822 2699 1876 2750 et
1908 2689 1971 2749 in
2011 2691 2199 2751 elades
2237 2690 2511 2769 frequen-

711 2798 885 2859 tiores
921 2800 1320 2880 maturiusque
1377 2802 1612 2862 exitium
1656 2803 2034 2864 delaberetur.
2084 2803 2507 2877 NihilominuS‚

714 2933 892 2991 quum
920 2913 1259 2975 arctissimis
1291 2915 1415 2995 ejus
1444 2915 1657 2976 finibus
1682 2916 1937 2996 undique
1967 2917 2298 2978 insisterent
2319 2922 2516 2996 gentes

714 3026 1122 3106 potentissimae
1142 3077 1156 3101 ,
1184 3027 1366 3088 Boeoti
1400 3028 1648 3104 scilieet,
1687 3029 1968 3090 Corinthii
1999 3030 2511 3110 Atheniensesque,

714 3140 871 3200 valde
900 3140 1114 3201 mirum
1151 3141 1391 3217 videtur,
1429 3145 1579 3221 quod
1615 3144 1832 3204 tamdiu
1857 3144 2180 3205 libertatem
2196 3164 2508 3223 moresque

717 3254 980 3334 proprios
1005 3275 1246 3329 servare,
1275 3256 1391 3316 imo
1411 3276 1682 3339 prospero
1705 3247 1898 3318 rerum
1923 3278 2095 3321 eursu
2122 3259 2230 3319 frui
2250 3259 2508 3319 valuerit.

787 3498 801 3525 1
842 3494 948 3544 vid.
976 3509 1156 3558 supra,
1187 3510 1238 3557 p.
1266 3499 1315 3546 02.
