2800 4368
1453 313 1765 370 ,Ορ-

696 460 841 532 *Quae
883 460 1003 538 jam
1049 464 1210 517 antea
1248 455 1389 515 facta
1434 465 1633 527 erant,
1674 475 1885 534 quum,
1935 456 2166 535 expulso
2201 456 2500 536 Theagene

702 573 1050 647 excussaque
1098 567 1460 647 optimatium
1496 568 1920 636 dominatione,
1955 588 2236 648 pauperes
2267 569 2457 649 primo
2482 619 2496 645 ‚

700 683 935 743 divitum
972 681 1172 741 domos
1218 679 1497 759 ingressi,
1538 698 1834 740 coenarum
1879 689 2345 759 sumptuosarum
2395 683 2503 742 sibi

698 804 919 873 partem
967 810 1191 870 rogasse
1232 791 1626 858 tradebantur,
1683 790 1908 864 omnia,
1945 790 1990 850 si
2026 791 2152 869 quis
2199 803 2492 869 negasset,

697 924 801 984 per
835 904 953 963 vim
994 904 1248 983 rapturi,
1297 922 1428 964 mox
1462 903 1648 963 edicto
1696 901 2054 962 consuluisse
2093 911 2157 962 ut
2198 901 2305 962 sibi
2335 903 2503 963 resti-

698 1027 954 1078 tueretur
987 1017 1137 1095 quod
1175 1036 1240 1076 ex
1286 1016 1425 1096 ipsis
1471 1016 1658 1076 foenus
1707 1014 2017 1075 creditores
2074 1014 2503 1093 percepissent3

700 1151 828 1211 quae
860 1151 950 1192 res
973 1139 1256 1193 παλιντοκία
1284 1129 1431 1207 dicta
1469 1129 1606 1190 est'¹.

783 1245 1047 1304 Attamen
1094 1241 1374 1321 suspicari
1417 1241 1549 1301 licet
1591 1240 1939 1320 Theognidis
1980 1250 2176 1313 aetate,
2221 1261 2251 1300 a
2295 1240 2508 1319 populo

699 1361 924 1419 minore
948 1358 1159 1420 saevitia
1190 1366 1382 1418 actum
1408 1376 1538 1417 esse
1560 1405 1573 1430 ‚
1603 1366 1694 1431 et,
1729 1356 1985 1434 quamvis
2015 1376 2217 1416 omnes
2259 1357 2507 1417 adversae

704 1470 966 1533 factionis
1012 1470 1278 1531 homines
1320 1470 1522 1530 eodem
1567 1468 1696 1529 odio
1743 1478 1797 1528 et
1829 1477 2163 1548 contemptu
2202 1469 2326 1548 ipse
2363 1488 2506 1529 con-

701 1577 923 1659 fundat,
957 1605 1022 1645 ex
1062 1583 1284 1663 plebeio
1317 1582 1592 1661 sanguine
1622 1582 1865 1655 multos,
1912 1581 1994 1641 vel
2025 1589 2154 1640 ante
2184 1600 2274 1641 res
2300 1599 2470 1641 novas
2490 1629 2504 1655 ‚

707 1699 779 1759 ad
809 1697 1109 1758 meliorem
1144 1697 1387 1757 fortunae
1423 1703 1631 1755 statum
1676 1714 1798 1755 sese
1829 1694 2202 1774 promovisse,
2238 1695 2509 1755 Lacedaes-

706 1813 1035 1872 moniorum
1080 1810 1356 1871 Perioecis
1389 1829 1561 1889 quam
1585 1808 1886 1869 Helotibus
1923 1808 2247 1869 similiores.
2284 1809 2513 1869 Etenim

710 1935 882 2000 tunc,
920 1944 1145 2004 quoque
1189 1925 1357 1984 modo
1404 1923 1691 1984 conversis
1745 1923 2102 1982 fortunarum
2151 1921 2403 1997 vicibus,
2445 1910 2511 1983 eo

716 2038 936 2099 nobiles
974 2038 1168 2118 inopia
1211 2037 1585 2103 inducuntur,
1632 2044 1696 2094 ut
1732 2054 1866 2094 cum
1900 2033 2011 2094 illis
2054 2054 2155 2113 per
2191 2035 2510 2097 necessitu-
2593 2070 2595 2073 ·

711 2152 874 2213 dines
913 2161 1115 2231 sponte
1138 2152 1455 2231 jungantur
1487 2172 1498 2209 :
1531 2171 1559 2207 c<
1593 2150 1778 2210 bonus
1809 2168 1839 2208 e
1868 2148 2017 2208 mala
2047 2149 2240 2222 dom0‚
2269 2149 2453 2210 malus
2483 2167 2514 2209 e

710 2267 860 2326 bona
884 2284 1120 2326 uxorem
1143 2263 1336 2325 duxi-t:
1372 2283 1553 2343 genus
1581 2263 1956 2344 gmiscuerunt
2010 2261 2219 2321 divitiae
2265 2260 2513 2341 (πλοῦτος

711 2387 834 2460 ἔμιξε
886 2379 1111 2461 γένοςῖ).
1144 2402 1171 2438 ))
1292 2452 1295 2454 -

794 2496 878 2557 Ob
902 2497 1027 2557 haec
1056 2495 1200 2556 iram
1233 2505 1289 2555 et
1316 2493 1767 2573 indignationem
1797 2491 2067 2552 cohihere
2103 2490 2299 2570 nequit
2322 2490 2514 2570 Mega-

716 2609 899 2671 rensis
933 2618 1119 2689 poeta.
1160 2608 1319 2688 Ipse,
1364 2606 1711 2687 patrimonio
1747 2625 1814 2666 ac
1849 2604 2121 2683 dignitate
2157 2591 2425 2678 orbatus{
2459 2603 2519 2662 in

716 2723 976 2785 exsilium
1027 2722 1197 2782 etiam
1247 2730 1434 2791 actus,
1478 2729 1533 2781 et
1578 2718 1927 2800 paupertatis
1969 2739 1997 2774 «
2028 2737 2154 2796 quae
2208 2737 2417 2797 corpus
2466 2726 2524 2778 et

716 2837 976 2897 animum
1006 2835 1310 2895 dedecorat
1334 2842 1390 2893 et
1418 2833 1607 2913 turpia
1643 2832 1822 2892 multa
1843 2832 1930 2891 vel
1954 2831 2198 2891 invitum
2225 2831 2449 2906 docet³,
2488 2854 2516 2890 »

720 2950 940 3011 insueta
974 2947 1308 3009 necessitate
1353 2965 1661 3027 oppressus
1685 2995 1698 3019 ‚
1740 2945 2030 3006 interdum
2056 2945 2252 3005 dolore
2282 2945 2357 3005 ita
2387 2964 2519 3005 exa—

723 3063 942 3123 cerbari
970 3061 1213 3135 videtur,
1251 3070 1315 3121 ut
1358 3061 1415 3120 in
1444 3061 1703 3140 querelas
1743 3067 1980 3137 votaque
2022 3078 2165 3119 saeva
2201 3056 2524 3118 incredibili

723 3177 929 3237 serocia
960 3185 1256 3255 erumpat:
1292 3198 1318 3233 c(
1350 3174 1393 3235 Ο
1423 3174 1644 3254 Jupiter
1675 3171 1953 3253 Olympie‚
1985 3171 2129 3230 mihi
2161 3171 2290 3232 felix
2327 3178 2523 3230 votum

792 3377 804 3402 1
838 3372 1096 3422 rumaren.
1124 3341 1215 3429 Qu}
1245 3386 1322 3436 gr.
1354 3372 1463 3420 Vol.
1494 3373 1543 3431 7,
1573 3385 1623 3433 p.
1656 3371 1770 3418 184.
1801 3370 1880 3419 ed.
1911 3369 2076 3418 Reisk.

788 3464 806 3489 2
843 3460 898 3508 v.
927 3461 1034 3509 7-8.

788 3551 807 3579 ³
845 3549 899 3597 v.
922 3549 1049 3606 650.
