2800 4368
857 160 895 201 s

1461 245 1780 304 „54-

734 389 1031 459 Quomodo
1073 396 1262 450 autem
1302 389 1688 466 gubernandae
1724 388 2055 469 reipublicae
2093 391 2388 472 ruinaeque
2423 413 2521 454 ar-

731 495 924 565 cendae
960 510 1087 582 apta
1117 501 1189 562 sit
1225 501 1386 581 plebs
1423 501 1579 561 inani
1624 511 1815 589 ment-e
1840 503 2198 585 (zeve'ocppoe-st)
2223 525 2289 567 ac
2335 505 2522 567 servili

728 617 956 697 ingenio
989 615 1348 697 (φιλοδέσποτος
1372 613 1430 695 ²)
1475 615 1740 695 praedita,
1793 625 1849 676 et
1895 617 2064 696 digna
2104 638 2277 698 quam
2310 640 2339 678 α
2364 621 2525 682 calce

729 730 972 804 obteras,
1005 728 1272 809 gravique
1302 729 1441 808 jugo
1480 724 1784 807 supposita
1809 729 2050 803 cervice,
2086 741 2256 791 acuto
2291 731 2525 792 stimulo

727 842 1013 903 ferias⁵?»
1370 834 1372 837 ’
2188 823 2192 834 ’

810 958 966 1027 Quos
1001 976 1202 1017 sensus
1256 956 1363 1016 sibi
1410 956 1674 1035 proprios
1726 956 2031 1016 habuerint
2081 957 2140 1015 in
2194 957 2526 1038 antiquitate

727 1072 976 1146 nobiles,
1007 1089 1291 1150 nusquam
1330 1070 1582 1150 profecto
1612 1078 1708 1130 aut
1746 1071 1982 1132 vividius
2027 1081 2124 1133 aut
2155 1072 2303 1132 varia
2342 1073 2527 1154 magis

727 1186 973 1266 imagine
1017 1201 1347 1263 express03,
1398 1200 1569 1261 quam
1614 1183 1765 1263 apud
1808 1183 2200 1264 Theognidem
2245 1184 2522 1246 invenias„

727 1301 919 1378 Itaque
946 1315 1064 1358 non
1106 1295 1434 1356 mirandum
1455 1344 1470 1370 ,
1504 1297 1689 1375 quod,
1732 1298 1804 1358 ab
1838 1299 1962 1379 ejus
1993 1300 2348 1360 carminibus
2382 1316 2522 1381 pro-

727 1414 905 1474 fectus
927 1461 942 1486 ,
999 1430 1064 1472 eo
1112 1410 1417 1471 Welkerus
1476 1410 1799 1486 devenerit,
1856 1421 1919 1472 ut
1971 1422 2147 1473 totam
2214 1414 2330 1474 fere
2376 1415 2528 1475 hanc

725 1525 1046 1598 materiam,
1071 1524 1550 1604 philosophorum
1570 1522 1761 1583 habita
1788 1524 2026 1600 ratione,
2046 1534 2330 1587 tractaret.
2359 1527 2525 1597 Quod

728 1641 798 1702 ad
843 1640 1029 1701 solum
1062 1637 1456 1717 Theognidem
1506 1647 1752 1718 spectat,
1787 1658 1852 1698 ex
1899 1640 2022 1719 ejus
2064 1639 2321 1701 versibus
2349 1613 2527 1702 multa

730 1751 1062 1826 delibando,
1108 1750 1415 1830 quamdam
1466 1750 1691 1811 Nobilis
1737 1750 1843 1810 viri
1897 1752 2145 1830 effigiem
2183 1756 2530 1834 componere

727 1868 956 1942 liceret,
1001 1866 1164 1947 cujus
1212 1865 1282 1926 ad
1325 1867 1650 1946 exemplum
1700 1886 1759 1927 se
1800 1863 1939 1928 tune
1991 1868 2291 1948 optimates
2342 1869 2526 1930 infor-

732 1988 1003 2042 massent.
1031 1978 1098 2038 In
1116 1981 1227 2057 qua
1249 1978 1480 2058 quidem
1499 1955 1764 2039 nonnihil
1789 1981 2105 2041 cavendum
2132 2002 2145 2042 τ
2174 1983 2353 2043 multa
2373 1983 2528 2043 enim

733 2093 999 2155 omnibus
1029 2091 1381 2166 communia,
1410 2092 1640 2172 proprie
1666 2093 1978 2168 nobilibus,
1999 2112 2179 2172 quum
2195 2104 2428 2177 propter
2444 2096 2533 2156 in-

732 2207 981 2286 genitam
1003 2205 1298 2284 sanguinis
1319 2206 1609 2280 virtutem,
1629 2214 1753 2267 tum
1772 2206 1941 2267 etiam
1960 2216 2193 2287 propter
2206 2210 2532 2288 adjunctam

736 2319 1088 2383 educationis
1128 2319 1477 2381 beneficium
1501 2369 1514 2393 ,
1579 2320 1742 2400 cujus
1768 2339 1964 2406 exsors
2003 2322 2204 2402 vulgus
2255 2332 2408 2399 erat,
2441 2331 2530 2385 at.-

734 2437 936 2499 tribuit
966 2445 1131 2518 poeta
1155 2458 1168 2510 ;
1194 2435 1301 2497 alia
1330 2445 1523 2498 autem
1547 2447 1659 2506 aut,
1684 2438 1879 2500 dolore
1910 2440 2215 2501 instinctus
2237 2489 2251 2514 ,
2291 2437 2495 2501 saevius
2514 2488 2530 2514 ,

734 2564 849 2630 aut,
876 2563 1205 2635 temporum
1230 2564 1459 2616 coactus
1495 2556 1848 2632 necessitate,
1877 2558 2214 2638 prudentius
2242 2542 2528 2638 praecipit.

734 2668 818 2728 Ex
846 2667 936 2728 his
963 2676 1158 2728 tamen
1190 2667 1459 2729 omnibus
1496 2678 1716 2730 constat
1744 2670 1931 2749 imago
1972 2670 2234 2750 quaedam
2267 2670 2378 2732 vita
2406 2670 2530 2751 spi·
2599 2734 2603 2737 Α

735 2790 896 2843 rante
950 2801 1237 2862 praesenS,
1306 2785 1519 2862 suaque
1579 2783 1761 2843 forma
1819 2792 1874 2843 et
1933 2783 2207 2863 singulari
2263 2781 2535 2864 dignitate

736 2895 995 2975 insignis.
1024 2895 1210 2965 Quam
1235 2915 1338 2977 per
1368 2905 1556 2976 partes
1589 2897 1877 2976 sigillatim
1916 2898 2262 2974 describere,
2295 2899 2533 2978 longum

738 3021 884 3073 esset
911 3022 966 3072 et
987 2983 1087 3074 abs
1114 3033 1173 3073 re
1198 3013 1447 3074 alienum
1472 3037 1485 3087 3
1514 3013 1679 3074 nobis
1703 3013 2100 3074 tantummodo
2127 3011 2184 3072 in
2216 3013 2534 3093 Megarensi

737 3126 1026 3205 republica
1081 3137 1209 3187 ante
1268 3130 1463 3189 oculos
1508 3129 1741 3208 prodeat
1781 3128 1863 3186 vir
1899 3128 1990 3188 ille
2029 3128 2284 3202 Nobilis,
2327 3146 2529 3207 quem,

806 3314 818 3338 ¹
858 3311 914 3359 V.
943 3314 1057 3359 717.

803 3401 820 3427 ²
858 3401 910 3448 V.
943 3401 1055 3447 719.

806 3492 823 3518 ⁵
858 3488 913 3538 V.
943 3490 1056 3538 717.
