2800 4368
1110 286 1420 352 ⁴„57—

371 434 562 516 ltaque
587 451 744 495 mare
765 482 779 509 ,
814 432 1160 512 Megaridem
1190 434 1261 493 ab
1289 442 1529 510 utroque
1556 431 1728 490 latere
1753 430 2111 509 complexum·
2132 474 2148 502 ,

373 544 526 609 haud
550 546 791 606 minima
815 544 869 603 vi
892 543 1226 604 Doriensem
1250 543 1661 606 aristocratiam
1686 541 1938 602 coercuit
1960 563 1973 615 3
1999 559 2153 621 prae-

371 671 526 723 terea
564 678 771 738 magno
806 658 1231 737 Megarensibus
1273 657 1477 717 auxilio
1511 656 1644 730 fuit,
1691 666 1754 716 ut
1785 674 1905 716 sese
1938 653 2155 714 tamdiu

371 771 605 852 privatis
659 769 864 850 opibus
915 778 1312 830 sustentarent.
1368 769 1477 837 Qui
1527 768 1681 828 enim
1733 767 1992 840 aliunde,
2036 767 2156 846 jam

373 886 549 945 fracta
599 885 827 943 externa
876 890 1180 962 potestate,
1235 899 1325 939 res
1370 898 1667 959 prosperas
1710 880 1815 940 sibi
1857 862 2153 952 fecissent,

375 999 484 1059 nisi
534 1007 823 1059 strenuam
862 997 1054 1056 labore
1102 1003 1156 1054 et
1204 993 1444 1072 negotiis
1487 994 1659 1054 vitam
1706 1013 1871 1071 agere
1920 1013 2161 1053 consue-

378 1110 634 1172 vissent?
1239 1102 1244 1108 '

458 1224 589 1283 Non
612 1231 804 1283 tamen
830 1222 1178 1282 credendum
1209 1231 1294 1282 est
1316 1239 1446 1295 eos,-
1487 1229 1784 1300 postquam
1817 1219 1891 1279 ita
1913 1218 2163 1297 mitigata

378 1335 574 1396 fuisset
606 1333 896 1394 Doriensis
931 1333 1350 1412 Megarensium
1382 1332 1646 1412 superbia
1669 1381 1683 1406 ,
1715 1333 1811 1411 jus
1841 1330 2074 1391 civitatis
2105 1330 2162 1389 in

377 1447 520 1507 urbe
565 1449 665 1506 sua
713 1445 878 1506 vilius
922 1445 1188 1506 habuisse
1231 1467 1241 1503 :
1295 1442 1662 1505 invitantibus
1712 1444 1865 1504 enim
1900 1443 2164 1503 Lacedae-

379 1558 588 1618 moniis
638 1566 703 1618 ut
746 1557 1095 1618 Hermonem
1135 1558 1511 1631 navarchum,
1559 1557 1656 1635 qui
1701 1549 1844 1616 cum'
1878 1546 2165 1635 Lysandro

379 1670 652 1731 ducentas
681 1669 1121 1730 Atheniensium
1156 1689 1324 1730 naves
1352 1669 1422 1728 ad
1450 1668 1625 1746 AEgos
1648 1667 1864 1728 flumen
1901 1677 2162 1747 ceperat,

382 1781 602 1842 civitate
659 1781 967 1854 donarent,
1021 1781 1474 1860 responderunt,
1534 1802 1561 1837 ((
1600 1780 1645 1841 si
1697 1780 1855 1860 prius
1901 1779 2170 1840 vidissent

376 1893 543 1974 ipsos
572 1912 705 1954 eum
729 1892 1069 1972 Spartiatam
1104 1893 1302 1954 fecisse
1321 1942 1335 1968 ,
1368 1903 1491 1954 tum
1523 1903 1577 1954 et
1604 1914 1664 1955 se
1687 1894 1847 1954 illum
1869 1895 2167 1974 Megaren-

288 2041 299 2043 <
374 1996 505 2067 ¹sem
540 2005 788 2092 facturos
808 2005 847 2065 ¹.
880 2028 908 2064 »
948 2006 1066 2066 Nec
1092 2006 1315 2067 minore
1345 2007 1627 2067 sermonis
1655 2007 1953 2087 dignitate,
1992 2028 2169 2087 quum

380 2118 972 2208 magnusAlexander
1000 2116 1108 2181 sibi
1142 2119 1214 2180 ab
1243 2104 1383 2199 ipsis
1411 2121 1559 2181 ultro
1597 2122 1857 2182 collatam
1889 2122 2171 2182 civitatem

382 2230 539 2311 parvi
579 2232 760 2292 facere
800 2233 1121 2308 videretur,
1163 2235 1454 2295 neminem
1495 2245 1659 2296 antea
1701 2235 1812 2296 nisi
1858 2235 2170 2296 Herculem

384 2336 584 2407 eodem
605 2346 755 2425 apud
791 2365 851 2406 se
889 2346 1108 2407 honore
1137 2356 1400 2407 ornatum
1433 2335 1939 2427 praedicaverunt2.

384 2532 395 2540 ι
466 2457 602 2518 Haec
626 2458 696 2517 de
720 2458 947 2518 summa
970 2467 1026 2519 et
1046 2459 1116 2519 de
1139 2458 1358 2520 vicibus
1381 2457 1677 2539 Megaricae
1707 2459 1965 2519 civitatis.
2002 2458 2174 2537 Cujus

303 2611 308 2616 -
386 2570 654 2630 intimum
697 2570 959 2631 ordinem
994 2591 1097 2651 per
1130 2580 1317 2651 partes
1351 2573 1700 2652 descriptum
1743 2591 2024 2652 exponere
2058 2590 2172 2631 non

385 2682 547 2757 licet,
613 2683 1010 2745 deficientibus
1067 2693 1322 2745 veterum
1383 2685 1743 2746 testimoniis.
1819 2684 2175 2764 Longissime

375 2791 544 2856 *abest
571 2803 635 2856 ut
663 2795 854 2856 omnia
890 2795 1151 2858 >instituta
1191 2814 1644 2877 cognoscamus3
1684 2799 1802 2858 imo
1839 2799 1908 2859 de
1938 2797 2175 2876 singulis

351 2923 354 2925 ’
390 2891 590 2970 eorum
610 2930 737 2990 quae
759 2910 1023 2971 videntur
1047 2911 1345 2987 exstitisse,
1389 2932 1673 2993 perpauca
1701 2914 1984 2974 affirmare
2009 2913 2175 2973 nobis

390 3023 450 3082 in
475 3033 873 3104 promptuest.
908 3025 1054 3085 Nam
1078 3035 1337 3087 senatum
1369 3026 1786 3105 Megarensium
1814 3027 1984 3087 fuisse
2004 3075 2018 3100 ,
2052 3035 2175 3086 tan-

388 3157 560 3216 quam
589 3139 739 3218 apud
777 3157 976 3199 omnes
1019 3139 1134 3199 fere
1179 3139 1414 3200 Graeciae
1458 3140 1698 3219 populos
1722 3188 1735 3213 ,
1774 3139 1947 3200 dubio
1977 3149 2168 3205 vacat;

459 3397 473 3422 ¹
514 3394 833 3445 Demosthen.
861 3396 1031 3457 Contr.
1055 3396 1293 3447 'Arist-our.
1321 3401 1343 3461 ξ
1368 3399 1459 3447 211
1483 3436 1495 3456 ‚
1526 3413 1573 3460 pl.
1603 3398 1719 3446 691.
1749 3398 1828 3446 ed.
1855 3398 2018 3448 Reisk.

459 3485 476 3510 ¹²
514 3482 762 3533 Plutarch.
791 3483 860 3534 De
884 3484 1138 3536 Monarch.
1167 3486 1279 3536 Vol.
1308 3487 1364 3546 9,
1394 3501 1444 3550 p.
1473 3487 1587 3535 0285.
1617 3487 1695 3535 ed.
1725 3485 1890 3538 Reisk.
