2800 4368
1483 311 1806 369 ...68-

737 452 844 513 bus
880 469 1049 531 supra
1078 450 1092 476 ¹
1118 448 1384 510 diximus.
1419 450 1536 511 Has
1570 452 1863 512 amomidas
1893 452 2254 514 conficiendo
2279 451 2538 535 plerique

735 562 1156 642 Megarensium
1208 562 1424 624 victum
1459 565 1792 643 quaerebant
1814 563 1857 625 ².
1899 566 2098 644 Neque
2148 586 2179 626 a
2229 568 2535 647 pretiosio-

733 677 893 738 ribus
925 677 1175 738 vestibus
1203 677 1458 738 texendis
1493 678 1729 739 fortasse
1759 678 2161 754 abstinebant,
2202 700 2380 759 quum
2426 682 2535 763 ipsi

730 790 838 851 hac
897 790 1244 871 metonymia
1298 790 1771 870 «Meqarensium
1808 791 2107 873 palliola,
2155 800 2420 874 Μεγαρέων
2475 805 2538 858 τὰ

727 913 1019 985 χλανίσκια,
1048 927 1077 964 )>
1117 905 1189 966 ab
1243 904 1625 986 Aristophane
1651 907 1669 932 ⁵
1727 906 2078 990 subridicule
2110 906 2525 986 significentur.

726 1018 1159 1080 Meminerimus
1182 1018 1352 1079 etiam
1369 1039 1401 1079 a
1423 1019 1739 1098 Megarensi
1763 1020 2010 1099 quodam
2038 1019 2199 1080 Nicia
2223 1029 2404 1082 artem
2419 1020 2532 1081 ful-

724 1134 937 1196 loniam
969 1133 1192 1194 Plinio⁴
1224 1141 1456 1193 auctore
1496 1133 1786 1195 inventam
1818 1148 1962 1196 esse.

806 1249 1010 1310 Omnia
1046 1266 1420 1327 quaecumque
1443 1247 1806 1327 Megarenses
1834 1259 1930 1310 aut
1959 1249 2080 1330 ipsa
2120 1251 2323 1310 natura
2377 1267 2531 1329 prae-

723 1365 894 1424 bente
950 1371 1212 1442 accepta,
1257 1370 1354 1422 aut
1389 1361 1615 1421 admota
1651 1355 1783 1424 'arte
1829 1364 2080 1443 perfecta
2123 1363 2436 1424 habuerint
2469 1381 2535 1424 ac

720 1477 858 1538 foris
885 1475 1244 1537 vendiderint
1273 1526 1286 1551 ‚
1322 1476 1602 1550 maxime,
1650 1484 1715 1536 ut
1758 1495 1995 1536 necesse
2030 1486 2182 1550 erat,
2219 1496 2285 1536 ex
2309 1475 2533 1538 Aristo-

724 1594 946 1674 phane,
987 1591 1178 1651 Plinio
1210 1600 1266 1651 et
1312 1591 1592 1653 Athenaeo
1630 1590 1743 1650 duo
1785 1589 2116 1651 doctissimi
2168 1589 2274 1648 viri
2305 1589 2324 1615 ⁵
2355 1590 2532 1651 colle—

721 1717 947 1789 gerunt.
999 1707 1138 1777 Quae
1175 1715 1369 1767 tamen
1409 1714 1464 1765 et
1497 1705 1619 1784 ipse
1649 1713 1779 1784 post
1801 1704 1928 1764 illos
1953 1722 2254 1764 recensere
2272 1712 2328 1764 et
2347 1678 2535 1764 denuo

722 1827 890 1887 edere
921 1844 1116 1906 cogor.

804 1940 1034 2000 Scilicet
1068 1960 1131 1999 ex
1163 1916 1314 2018 agris
1340 1938 1501 1998 olera
1529 1946 1696 2015 atque
1726 1933 2014 2015 imprimis
2045 1933 2242 1994 bulbos
2272 1933 2537 2012 alliaque

722 2075 901 2137 quum
931 2054 1005 2115 oh
1035 2071 1297 2133 saporem
1321 2101 1334 2127 ‚
1366 2059 1493 2111 tum
1517 2051 1590 2110 ob
1618 2047 1888 2108 virtutem
1915 2066 2220 2107 veneream
2244 2045 2490 2132 celebria
2511 2060 2533 2088 ⁶

721 2173 1081 2252 Megarenses
1135 2169 1419 2247 legebant.
1468 2166 1590 2226 Nec
1632 2164 1859 2224 minore
1902 2164 2051 2223 fama
2099 2162 2537 2224 celebrabantur

726 2295 780 2346 et
812 2283 1081 2363 Megarici
1114 2281 1367 2363 raphani
1410 2281 1460 2354 ⁷,
1493 2279 1579 2339 vel
1621 2277 1996 2338 delicatorum
2033 2276 2180 2354 gulae
2227 2272 2530 2348 reservati,

727 2410 781 2461 et
820 2398 1119 2459 th‘baleae
1150 2397 1169 2423 ³
1214 2397 1358 2475 ficus
1400 2394 1454 2469 ⁹,
1511 2412 1638 2473 quae
1691 2392 1914 2452 siccatae
1959 2390 2205 2451 maxime
2249 2368 2530 2451 valebant.

797 2689 811 2714 ¹
849 2683 922 2734 cf.
950 2699 1002 2747 p.
1026 2684 1119 2742 50,
1148 2697 1198 2730 n.
1227 2682 1275 2729 5.

796 2777 815 2801 ²
850 2772 1081 2835 Xenoph.
1109 2770 1318 2819 Memor.
1348 2767 1387 2815 ll
1406 2805 1418 2824 ‚
1449 2768 1498 2826 7,
1526 2767 1577 2815 6.

797 2867 815 2890 ⁵
853 2861 1067 2910 Acharn.
1096 2874 1144 2907 v.
1172 2858 1289 2906 519.

796 2955 817 2980 ⁴
852 2950 976 3000 Hist.
1003 2948 1177 2999 Natur.
1203 2947 1292 2996 VII
1315 2984 1327 3006 ,
1354 2946 1435 2994 57.

798 3046 816 3071 ⁵
852 3041 1165 3106 Reinganum
1190 3047 1240 3087 et
1262 3035 1505 3100 Forbiger
1530 3033 1582 3082 in
1606 3030 1801 3095 operib.
1830 3029 1965 3078 laud.

796 3133 814 3158 ⁶
852 3130 1021 3179 Schol.
1048 3126 1302 3189 Aristoph.
1330 3125 1449 3172 Pax.
1476 3138 1524 3172 v.
1550 3121 1668 3171 248.
1689 3119 1816 3167 Plin.
1845 3117 1970 3166 Hist.
1998 3115 2106 3164 Nat.
2134 3114 2270 3173 XIX,
2298 3115 2383 3164 50.
2423 3114 2526 3188 XX,

728 3219 811 3267 40.
846 3217 986 3266 ovid.
1013 3215 1218 3265 Remed.
1245 3214 1414 3262 Amor.
1449 3225 1495 3259 v.
1523 3209 1645 3257 799.
1684 3205 1930 3255 Nicander
1967 3203 2101 3266 apud
2125 3203 2350 3252 Athenae.
2372 3201 2445 3261 11,
2473 3217 2526 3265 p.

632 3340 635 3344 -
729 3309 811 3356 64.
841 3306 923 3355 ed.
948 3303 1230 3368 Schweigh.

796 3401 813 3425 '¹
848 3395 1140 3460 Apollodor.
1166 3392 1358 3454 Caryst.
1386 3388 1520 3452 apud
1549 3359 1775 3436 Athenae.
1807 3385 1840 3432 l.
1867 3383 1969 3431 Vll.
1997 3397 2023 3432 c
2070 3383 2101 3430 6
2120 3420 2132 3439 ,
2163 3396 2212 3444 p.
2240 3381 2333 3430 281
2363 3380 2476 3430 Cas.

792 3488 810 3515 ⁸
845 3483 1073 3534 Athenae.
1102 3480 1191 3539 111,
1219 3495 1271 3544 p.
1298 3478 1423 3536 295,
1451 3475 1551 3525 296
1574 3475 1657 3524 ed.
1680 3472 1967 3537 Schweigh.

790 3581 808 3607 ⁹
845 3573 882 3622 A
904 3569 1093 3622 Phibali
1110 3607 1123 3627 ,
1151 3566 1418 3632 Megaridis
1444 3578 1602 3629 pag0,
1630 3563 1693 3612 ad
1714 3561 1838 3610 fines
1864 3559 2043 3610 atticos
2063 3558 2182 3608 sito.
