2800 4368
797 246 834 285 ἱ

1387 349 1712 408 ...80-

663 501 908 561 rebatur.
962 494 1033 555 Et
1076 494 1122 554 si
1173 493 1329 571 quis,
1380 510 1676 553 armorum
1708 498 1886 565 sorte,
1928 490 1985 548 in
2028 509 2231 552 manus
2277 487 2457 553 hostis

661 615 972 685 inciderat,
1012 610 1286 669 victorem
1327 607 1670 686 sequebatur
1696 606 1965 680 domum,
2003 606 2103 666 ubi
2139 608 2317 668 amice
2354 627 2455 667 ex-

662 736 859 807 ceptus
885 774 898 800 ,
932 742 1262 802 mensaeque
1297 730 1353 780 et
1386 719 1515 780 salis
1545 720 1604 779 in
1649 728 1868 800 partem
1904 728 2135 779 vocatus
2157 767 2171 793 ,
2221 719 2352 779 dein
2387 720 2458 780 ad

661 858 796 901 suos
819 839 1239 912 remittebatur,
1267 846 1492 897 tantum
1516 833 1803 916 pollicitus
1830 852 1888 893 se
1904 832 2150 912 pretium
2168 850 2276 911 pro
2290 830 2458 892 liber·

658 960 768 1011 tate
796 950 1082 1010 daturum.
1115 948 1278 1018 Quod
1301 948 1410 1009 nisi
1434 946 1822 1028 persolvisset,
1859 964 2036 1023 quum
2069 943 2220 1024 apud
2238 943 2454 1018 hosteS,

658 1074 783 1124 tum
818 1062 967 1143 apud
996 1081 1127 1123 suos
1158 1063 1332 1122 horno
1364 1081 1610 1141 nequam
1642 1079 1707 1120 ac
1741 1059 1996 1139 perfidus
2018 1058 2141 1138 jam
2170 1055 2454 1117 audiebat.

657 1177 852 1255 Itaque
880 1175 1134 1235 civilium
1164 1174 1583 1235 discordiarum
1611 1174 2007 1252 bellorumque
2041 1191 2071 1231 e
2095 1169 2284 1230 medio
2318 1187 2462 1228 nova

659 1291 921 1371 quaedam
960 1288 1192 1368 hospitii
1228 1289 1359 1367 jura
1383 1336 1397 1362 ,
1453 1307 1655 1367 pacem
1696 1296 1993 1367 paratura,
2044 1285 2458 1358 nascebantur,

639 1423 803 1465 novo
838 1398 1072 1462 nonflne
1107 1405 1343 1483 δορύξενος
1374 1402 1434 1460 in
1468 1401 1652 1460 vicem
1683 1400 1833 1461 soliti
1871 1400 2124 1460 nominis
2157 1405 2461 1478 δορυοὶλωτος

659 1519 813 1578 ficto.
865 1518 1029 1588 Quod
1070 1517 1309 1576 verbum
1345 1524 1497 1575 certe
1533 1514 1684 1594 apud
1717 1514 2077 1592 Megarenses
2114 1512 2436 1593 perstiterat

742 1631 814 1691 At
843 1630 1016 1691 satius
1045 1638 1132 1690 est
1152 1629 1222 1690 ad
1246 1628 1488 1689 certiora
1511 1646 1616 1687 nos
1642 1627 1872 1687 referre.
1901 1626 2013 1686 Ubi
2034 1635 2225 1686 autem
2241 1624 2460 1705 facilius

660 1729 903 1805 tutiusve
946 1743 1268 1817 exsulibus,
1325 1761 1497 1822 quam
1543 1742 1811 1820 Megarae‚
1866 1739 2048 1820 patuit
2094 1725 2463 1819 perfugium?

661 1860 859 1938 Neque
892 1878 954 1919 ea
980 1878 1106 1938 quae
1130 1858 1492 1936 Megarenses
1518 1856 1667 1915 inter
1692 1854 2187 1933 Atheniensesque
2211 1852 2337 1914 odia
2364 1852 2460 1912 in-

660 1982 1037 2034 tercesserant
1059 2021 1072 2047 ,
1115 1971 1528 2052 impedimento
1567 1970 1726 2031 fuere
1750 1969 2061 2048 quominus
2084 1969 2325 2048 Megarae
2354 1969 2460 2030 be—

662 2091 835 2170 nigno
859 2088 1108 2169 hospitio
1132 2089 1437 2161 foveretur,
1466 2086 1512 2147 si
1537 2085 1665 2164 quis
1688 2085 2128 2145 Atheniensium
2145 2095 2166 2160 ,⁸
2185 2085 2239 2144 vi
2261 2085 2461 2146 infesta

661 2224 932 2265 excussus
954 2249 967 2270 ‚
1001 2202 1180 2283 patria
1216 2200 1545 2280 aufugisset.
1588 2199 1711 2274 Sic,
1762 2219 1940 2278 quum
1973 2198 2228 2278 Triginta
2265 2209 2459 2280 tyran,-

662 2334 870 2376 norum
919 2316 1078 2376 triste
1121 2315 1328 2395 jugum
1378 2313 1616 2374 Athenae
1664 2312 1996 2387 subierunt,
2053 2312 2203 2372 inter
2251 2312 2462 2373 multos

662 2430 870 2510 quibus
903 2431 1128 2515 Megara
1170 2429 1407 2510 impleta
1442 2438 1555 2503 est,
1597 2437 1786 2488 orator
1825 2426 2017 2507 Lysias
2053 2426 2132 2487 ibi
2165 2446 2225 2488 se
2263 2426 2460 2507 patriae

660 2545 905 2606 libertati
929 2564 994 2605 ac
1018 2543 1213 2623 gloriae
1239 2529 1520 2605 servavit¹.
1547 2543 1765 2603 Eodem
1788 2543 1956 2622 paulo
1980 2551 2110 2602 ante
2133 2541 2244 2621 (Ol.
2264 2542 2366 2617 93,
2398 2541 2458 2621 1)

662 2661 1035 2739 confugerant
1058 2659 1260 2739 captivi
1289 2657 1656 2738 Syracusani,
1683 2676 1750 2716 ex
1772 2655 1941 2716 Piraei
1963 2643 2209 2717 latomiis
2227 2654 2451 2736 elapsi².

663 2774 747 2834 Ibi
793 2773 965 2835 etiam
1017 2772 1175 2833 utilia
1214 2771 1415 2832 litteris
1459 2770 1570 2830 otia
1605 2770 1839 2844 habuit,
1909 2770 2102 2831 exsilio
2148 2770 2418 2831 multatus
2441 2817 2459 2843 ‚

665 2886 1032 2948 Atheniensis
1069 2884 1388 2946 Androtion
1408 2886 1449 2944 ⁵.
1736 2881 1740 2886 ’

744 3001 1178 3062 Meminerimus
1204 3000 1449 3079 denique
1465 2998 1886 3060 mulierisillius
1910 2998 2074 3078 cujus
2089 2997 2267 3058 virtus
2289 2996 2459 3076 digna

666 3115 770 3174 fuit
805 3124 867 3174 ut
901 3115 956 3174 in
990 3114 1232 3195 patriam
1277 3113 1399 3193 ejus
1440 3113 1800 3174 redundaret.
1845 3112 2030 3181 Quam
2068 3111 2189 3171 ruri
2239 3109 2463 3170 modice

729 3322 744 3348 ¹
783 3319 1011 3382 Xenoph.
1040 3319 1165 3369 Hell.
1189 3319 1263 3378 ΙΙ,
1293 3331 1360 3378 1v,
1390 3321 1437 3367 1.
1470 3318 1723 3368 Plutarch.
1753 3317 1868 3367 Dec.
1896 3332 1974 3366 or.
2004 3316 2090 3366 vit.
2121 3317 2230 3380 Lys.

731 3411 749 3435 ²
785 3407 1014 3470 Xenoph.
1044 3407 1173 3457 Hell‘.
1197 3407 1241 3467 I,
1271 3421 1334 3467 11,
1364 3409 1443 3456 14.

724 3497 744 3524 ⁵
778 3494 1028 3545 Plutarch.
1060 3494 1126 3543 De
1151 3494 1295 3544 exsil.
1317 3532 1329 3551 ‚
1367 3510 1417 3558 p.
1449 3494 1566 3543 588.
1594 3493 1703 3542 Vol.
1731 3493 1781 3541 8.
1809 3491 2086 3542 Androtion
2112 3492 2174 3543 de
2191 3491 2343 3541 rebus
2369 3490 2451 3540 At·-

667 3582 777 3632 ticis
802 3577 847 3646 (Ᾰ
858 3579 991 3644 τθέὸα)
1018 3591 1067 3631 et
1091 3583 1152 3631 de
1178 3581 1496 3646 Agricultura
1526 3594 1680 3645 opera
1705 3588 2073 3643 composuerat.
2407 3558 2410 3570 ¹
