2800 4368
842 184 879 223 ς

1380 262 1741 323 -Mo-

669 409 716 471 si
751 409 914 470 lones
947 409 1187 469 fuissent
1208 456 1221 482 ‚
1257 427 1374 468 non
1404 409 1681 488 fugissent
1701 409 1946 471 Atticam
1970 409 2419 491 dominationem
2444 458 2459 487 ‚

668 531 724 582 et
758 521 1046 582 continuis
1074 519 1346 600 periculis
1375 520 1742 601 objiciantur.
1781 520 1935 582 Inter
1958 531 2197 583 caeteros
2219 523 2465 585 'Dorien-

669 655 756 696 ses
795 635 1042 715 populos
1071 634 1318 694 maxime
1352 633 1619 694 industrii
1655 644 1711 694 et
1748 635 1983 696 solertes
2028 636 2293 697 videntur
2332 659 2346 696 2
2381 638 2464 698 rei

668 750 910 811 nauticae
948 750 1085 809 dant
1126 768 1393 830 operam,
1428 769 1614 829 neque
1643 749 2057 829 impedimento
2081 751 2192 812 illis
2223 741 2356 812 sunt
2375 752 2462 811 vi-

668 864 783 925 cini
822 863 1224 937 AthenienseS,
1281 862 1602 938 Corinthii,
1655 863 1968 943 AEginetae,
2015 865 2155 945 quin
2205 859 2465 926 navalem

666 976 984 1057 potentiam
1024 976 1554 1056 commerciumque
1592 997 1695 1057 per
1737 978 1918 1038 maria
1964 978 2077 1038 duo
2117 979 2422 1040 extendant
2445 1028 2461 1054 ,

665 1100 721 1151 et
747 1090 1024 1170 plurimas
1056 1099 1299 1168 utroque
1330 1099 1386 1150 et
1429 1090 1649 1151 nobiles
1684 1090 1911 1151 mittant
1935 1091 2220 1167 colonias3
2251 1102 2466 1153 terram

664 1205 899 1279 colunt,
947 1224 1133 1283 neque
1169 1223 1371 1264 eorum
1418 1205 1752 1265 constantiae
1791 1206 2009 1280 solum,
2057 1204 2192 1266 licet
2231 1204 2460 1281 infelix,

662 1317 881 1378 divitias
905 1326 1092 1396 negat.
1119 1316 1212 1376 Sic
1236 1316 1448 1396 paratis
1471 1316 1699 1397 opibus,
1741 1318 1839 1379 diu
1887 1318 2232 1394 libertatem,
2266 1338 2465 1398 quam-

660 1431 743 1492 vis
779 1431 1001 1491 circum
1032 1429 1328 1490 minentur
1360 1438 1619 1510 potentes
1646 1430 1880 1511 populi,
1921 1432 2191 1493 retinent.
2236 1432 2461 1493 Turba-

660 1565 792 1607 rum
814 1546 1046 1625 quidem
1073 1543 1327 1606 civilium
1345 1544 1554 1624 quibus
1571 1545 1899 1605 laboravere
1920 1545 2202 1607 universae
2225 1548 2461 1608 Graeco-

649 1676 791 1720 rum
812 1659 1084 1733 civitatee,
1113 1676 1299 1736 neque
1323 1657 1433 1737 ipsi
1464 1666 1723 1737 expertes
1746 1666 1909 1732 sunt,
1943 1658 2041 1718 sed
2066 1657 2142 1719 ita
2171 1667 2464 1739 postremo

659 1773 930 1834 factiones
968 1790 1339 1852 compescere
1376 1780 1548 1850 atque
1584 1770 1914 1832 animorum
1950 1771 2225 1833 saevitiam
2267 1772 2464 1834 sedare

659 1887 876 1960 valent,
914 1895 978 1946 ut
1023 1884 1106 1946 eis
1149 1884 1279 1960 alii,
1320 1884 1491 1945 etiam
1537 1887 1769 1945 externa
1813 1886 2066 1965 potentia
2107 1886 2351 1962 orbatiS,
2390 1886 2465 1948 ob

661 2001 885 2062 felicem
916 1999 1248 2080 reipublicae
1273 2007 1482 2060 statum
1509 1981 1564 2059 et
1593 1998 1836 2078 privatas
1861 2018 2000 2079 opes
2030 2000 2337 2061 invideant.

739 2113 1106 2175 Humanitate
1137 2133 1204 2174 ac
1226 2112 1433 2193 pietate
1456 2161 1471 2187 ,
1510 2111 1835 2192 praesertim
1865 2113 1926 2172 in
1957 2113 2233 2195 hospiteS,
2267 2114 2461 2195 Mega-

659 2247 853 2288 renses
877 2227 1285 2288 excelluerunt.
1314 2225 1585 2301 Fuerint,
1619 2234 1683 2286 ut
1705 2226 1871 2287 multi
1892 2227 2144 2302 voluere,
2171 2227 2243 2288 ad
2265 2227 2464 2289 dolum

656 2339 962 2422 propensi,
1005 2340 1124 2400 risu
1154 2338 1368 2420 pariter
1402 2348 1459 2400 et
1481 2339 1748 2420 lacrymis
1773 2340 1843 2401 ad
1877 2339 2284 2420 decipiendum
2312 2341 2460 2404 abu-

654 2463 872 2529 tenteS,
930 2463 1055 2515 tum
1104 2453 1275 2515 etiam
1314 2453 1564 2514 nimium
1608 2457 1792 2515 astuta
1829 2454 2135 2516 subtilitate
2172 2454 2463 2537 disputare

655 2568 803 2629 soliti
835 2590 847 2627 :
881 2568 1123 2629 minime
1153 2568 1408 2648 profecto
1453 2567 1572 2629 suis
1622 2585 1720 2628 eos
1764 2567 1914 2630 vitiis
1940 2568 2190 2629 eximere
2225 2569 2370 2629 mihi
2399 2569 2462 2631 in

654 2683 850 2744 animo
886 2669 1007 2758 est,
1041 2692 1322 2744 caeterum
1344 2684 1472 2743 haec
1504 2681 1637 2743 vitia
1665 2682 1863 2743 Graeca
1894 2684 2209 2763 Graecoque
2230 2684 2461 2765 ingenio

656 2797 1019 2878 peculiariter
1042 2797 1214 2858 infixa
1247 2796 1421 2859 fuisse
1451 2797 1579 2876 quis
1604 2797 1824 2859 nescit?
1857 2798 2122 2860 Attamen
2146 2799 2207 2860 in
2232 2803 2459 2867 summa

654 2912 1046 2991 MegarenseS,
1086 2910 1578 2990 quemadmodum
1609 2911 1667 2971 in
1694 2920 1824 2973 actu
1854 2911 1981 2974 vitae
2008 2912 2176 2974 validi
2207 2922 2264 2974 et
2297 2933 2460 2977 acres

654 3035 850 3099 erant,
886 3025 968 3085 sic
1003 3024 1062 3083 in
1091 3023 1350 3085 moribus
1393 3018 1507 3083 non
1549 3024 1753 3085 furtiva
1796 3034 2089 3104 tectaque,
2136 3027 2233 3087 sed
2266 3026 2457 3107 potius

654 3149 846 3221 aperta
876 3140 1141 3200 videntur
1170 3139 1476 3214 amavisse,
1521 3139 1703 3200 animi
1732 3139 2028 3202 affectibus
2057 3141 2206 3202 foras
2239 3160 2374 3202 cum
2402 3141 2457 3202 vi

652 3265 819 3334 atque
843 3254 1061 3334 impetu
1084 3252 1344 3334 proditis
1376 3253 1498 3313 Imo
1522 3253 1695 3314 etiam
1718 3257 1890 3318 modo
1916 3256 2220 3330 carebant,
2249 3256 2453 3320 sensfis

652 3367 1031 3447 exquisitioris
1069 3363 1282 3442 nescii,
1312 3376 1367 3428 et
1387 3377 1681 3429 venustate
1707 3368 1888 3449 vigori
1912 3369 2255 3450 posthabita.
2289 3370 2455 3445 Quod

650 3502 784 3543 sane
808 3481 1183 3543 Athenienses
1204 3501 1388 3560 neque
1417 3481 1524 3562 ipsi
1561 3482 1804 3544 omisere
1825 3533 1840 3559 ,
1888 3503 2073 3563 neque
2096 3484 2238 3545 alios
2262 3484 2440 3545 omit-
