2860 4380
1099 312 1405 355 ...lx—

290 431 699 515 *asscivitatihuffi
734 435 954 497 tamdiu
985 455 1146 498 suam
1183 436 1291 498 sibi
1325 436 1499 497 vitam
1536 444 1593 497 et
1622 436 1812 497 lucem
1851 435 2139 498 vindicare

278 547 666 619 valuerint?
701 548 916 609 Nonne
940 548 1111 610 enim
1154 548 1620 624 Atheniensium,
1666 548 2092 631 Corinthiorum
2120 606 2134 631 ‚

282 653 868 746 ‘’Thebanorumque
896 661 957 721 in
993 662 1181 724 medio
1227 662 1430 743 positi,
1481 671 1675 723 tamen
1711 661 1957 723 bellandi
1984 660 2142 722 navi-

350 773 631 854 gandique
675 758 825 849 arte,
887 773 1222 835 commercii
1254 773 1614 852 facultatibus
1646 782 1701 834 et
1732 773 1947 853 ingenii
1983 774 2140 835 cultu

351 885 707 966 Megarenses
730 886 1137 947 eminuerunt?
1164 885 1531 946 Excutiamus
1558 884 1731 964 igitur
1759 886 1914 947 hunc
1948 887 2143 966 pulve-

126 985 201 1047 Η
262 1001 293 1043 ὲ
352 1017 476 1060 rem
504 1018 572 1060 ac
606 998 813 1073 situm,
854 998 1048 1060 ruinas
1083 997 1445 1077 recentiaque
1486 996 1713 1076 tuguria
1747 1015 2139 1072 amoveamus,

103 1110 180 1179 μζ
208 1108 210 1110 ’
352 1121 418 1173 ut
450 1111 696 1192 antiquae
724 1131 985 1191 veraeque
1015 1111 1144 1171 vitae
1183 1110 1413 1190 vestigia
1463 1109 1727 1189 colligere
1762 1119 1817 1171 et
1863 1110 2143 1198 illustrare

357 1224 672 1302 enitamur3
722 1233 1045 1285 scrutemur
1093 1222 1408 1303 praesertim
1431 1271 1446 1298 ,
1505 1222 1552 1283 si
1594 1221 1791 1297 liceat,
1851 1222 1972 1302 ipsa
2015 1222 2143 1283 vitae

358 1337 532 1418 hujus
560 1336 719 1416 qua-si
747 1336 1084 1417 penetralia,
1140 1344 1194 1397 et
1234 1355 1610 1415 quaecumque
1639 1335 1886 1403 maxime
1914 1335 2144 1416 propria

307 1518 310 1522 A
360 1455 530 1528 atque
558 1447 711 1523 intus
735 1448 1072 1510 inhaerentia
1110 1467 1277 1510 suum
1307 1448 1548 1527 Megarae
1575 1447 1836 1509 habitum
1863 1467 2145 1528 suumque

359 1579 572 1625 nomen
600 1561 911 1623 effecerint.

435 1674 577 1735 Mihi
599 1674 771 1754 igitur
798 1673 1158 1754 propositum
1187 1683 1304 1748 est,
1337 1691 1454 1733 non
1491 1666 2143 1752 universam'Megaren-

358 1787 507 1850 sium
519 1786 816 1848 historiam
839 1805 942 1866 per
957 1785 1207 1865 singulas
1227 1785 1379 1847 vices
1402 1785 1598 1847 sedulo
1617 1804 1920 1867 exponere,
1946 1793 2143 1866 utpote

339 1887 465 1963 “fata
498 1907 726 1962 externa
754 1897 1068 2018 saepiQime
1098 1907 1351 1960 secutam
1375 1921 1389 1974 ;
1421 1899 1517 1960 sed
1546 1899 1896 1960 iffmoribus
1928 1907 1982 1960 et
2008 1907 2140 1959 tan-

187 2032 202 2103 ‘2
242 2023 243 2026 ’
288 2043 299 2046 -
357 2030 528 2093 quam
557 2012 617 2072 in
646 2011 847 2072 intima
874 2011 1111 2072 historia
1140 2010 1505 2092 potissimum
1540 2011 1823 2093 inspicere
1855 1997 2142 2094 quidquid

358 2125 642 2211 peculiari·
665 2127 797 2186 nota
829 2125 1179 2205 Megaricum
1212 2124 1509 2204 ingenium
1533 2124 1790 2205 signavit.
