2800 4368
808 192 846 233 ἱ
1527 249 1605 308 92

748 399 1193 475 Qualiacumque
1215 397 1283 456 ad
1307 415 1411 456 nos
1429 396 1792 476 pervenerint
1806 383 2153 474 Theognidis
2168 396 2459 473 carmina,

666 516 779 574 sive
811 514 904 572 illa
939 512 1023 571 vel
1059 511 1397 584 deformata,
1439 510 1512 569 ita
1554 519 1615 570 ut
1651 518 1812 584 sunt,
1853 483 2199 590 inspexeris,
2233 510 2349 571 sive
2384 511 2463 572 ad'

665 627 873 685 famam
911 621 1418 700 auctoritatemque
1459 621 1764 682 attenderis
1810 624 1920 701 qua
1960 642 2099 682 usus
2142 622 2263 701 ipse
2302 624 2454 703 apud

668 739 898 797 Graecos
929 746 1041 811 est,
1096 755 1211 795 non
1242 744 1451 814 praeter
1488 735 1726 795 modum
1763 735 2004 813 Megarae
2045 734 2255 795 favebis
2299 754 2459 796 asse-

667 849 844 908 rendo
873 848 932 907 in
963 868 1087 909 eam
1119 848 1272 908 haud
1310 867 1549 929 parvum
1591 848 1765 907 decus
1807 867 1873 907 ex
1912 857 2033 907 vate
2074 858 2190 907 tam
2231 844 2469 926 egregio

668 961 1007 1022 redundare.
1049 962 1333 1022 Praeterea
1359 961 1486 1039 quis
1513 961 1704 1021 credet
1731 961 1886 1020 hunc
1917 961 2101 1020 solum
2127 960 2183 1018 in
2225 962 2287 1020 ea
2318 958 2484 1023 urbe.

670 1075 943 1136 exstitisse
999 1076 1090 1136 cui
1141 1094 1394 1154 unquam
1439 1084 1494 1134 et
1541 1095 1737 1135 versus
1782 1074 2028 1134 condere
2080 1082 2135 1133 et
2181 1073 2473 1153 poeticam

670 1190 896 1250 laudem
934 1191 1136 1251 sectari
1175 1191 1234 1249 in
1271 1200 1526 1250 mentem
1565 1189 1844 1251 subierit?
1885 1190 2146 1249 Profecto
2182 1164 2464 1266 Megarae'‚

673 1305 870 1364 saltem
899 1305 1050 1384 apud
1081 1305 1207 1375 illos
1246 1305 1454 1383 quibus
1492 1303 1700 1363 divitiae
1738 1323 1805 1364 ac
1827 1312 2073 1384 potestas
2111 1302 2332 1382 majora
2357 1299 2475 1361 otia

675 1416 971 1495 studiaque
1013 1416 1294 1477 nobiliora
1326 1416 1633 1476 effecerant
1653 1464 1666 1489 ,
1714 1415 1900 1475 cultus
1929 1415 2223 1474 Musarum
2251 1411 2477 1473 floruit-

1062 1648 1089 1727 ξ
1125 1647 1195 1706 ΙΙ.
1225 1683 1305 1691 -
1344 1648 1429 1706 De
1458 1644 1734 1704 comaedz'ct
1760 1643 2072 1722 Meqaricd.

754 1815 887 1874 Fuit
922 1823 1113 1874 autem
1138 1795 1379 1891 Megarae
1415 1831 1594 1890 genus
1623 1810 1776 1870 aliud
1808 1810 1959 1888 quod
1989 1828 2104 1868 non
2129 1857 2142 1882 ,
2179 1807 2327 1868 sicut
2356 1823 2476 1864 no-

675 1929 806 1990 bilis
858 1925 1089 1988 citharae
1141 1935 1375 1999 cantuS,
1429 1924 1728 2005 proprium
1776 1923 1880 1983 fuit
1927 1921 2318 2002 optimatium,
2377 1918 2476 1980 sed

677 2053 874 2105 contra
912 2062 978 2102 ex
1013 2040 1274 2121 populari
1308 2038 1527 2118 origine
1569 2037 1823 2098 vividum
1869 2056 1935 2096 ac
1980 2036 2203 2096 fervens
2247 2033 2471 2114 erupit,

679 2157 894 2218 scilicet
930 2155 1220 2216 comicum
1259 2172 1461 2231 genus,
1516 2149 1788 2221 Quamvis
1831 2150 1901 2210 de
1940 2150 2052 2209 hoc
2092 2148 2263 2208 etiam
2299 2146 2478 2208 multa

677 2272 973 2335 incesserit
997 2269 1409 2343 controversia,
1452 2288 1542 2328 res
1579 2268 1824 2328 duorum
1855 2266 2109 2326 virorum
2130 2266 2143 2291 ¹
2179 2263 2481 2343 sagacitate
2559 2257 2564 2264 ’

681 2388 971 2467 explanata
988 2386 1108 2465 jam
1140 2384 1471 2465 praevaluit:
1507 2382 1657 2462 apud
1689 2381 2050 2459 Megarenses
2092 2387 2221 2438 nata
2258 2386 2343 2438 est
2371 2395 2477 2438 co-

682 2501 913 2562 moedia.
1267 2477 1270 2480 A
1524 2494 1526 2496 ’

761 2616 907 2676 1111111
945 2614 1179 2694 quidem
1204 2633 1306 2694 per
1337 2633 1395 2674 se
1423 2620 1633 2693 praeter
1662 2609 1904 2671 dubium
1933 2617 2047 2682 est,
2081 2625 2199 2666 non
2229 2605 2483 2686 primum

684 2742 835 2793 sexto
864 2740 993 2792 ante
1030 2729 1164 2790 Chr.
1211 2729 1422 2790 saeculo
1461 2727 1677 2788 Graecis
1718 2726 1777 2784 in
1813 2733 2067 2785 mentem
2097 2723 2319 2783 venisse
2355 2722 2484 2783 vitae

684 2845 1026 2926 quotidianae
1055 2861 1247 2903 mores
1277 2841 1591 2902 ridiculum
1627 2839 1687 2899 in
1721 2838 1961 2898 modum
1985 2834 2195 2895 imitari
2225 2856 2236 2893 :
2272 2833 2486 2915 quippe

686 2960 781 3040 qui
799 3010 812 3035 ,
840 2967 1035 3038 utpote
1065 2957 1202 3017 artis
1236 2955 1481 3017 scenicae
1507 2938 1830 3014 conditores
1854 2959 1909 3011 et
1930 2949 2215 3030 magistri,
2246 2947 2488 3008 minime

689 3078 888 3136 sensus
930 3073 1082 3133 illius
1140 3079 1400 3150 expertes
1457 3068 1703 3141 fuerint,
1763 3085 1874 3146 quo
1918 3064 2169 3125 universi
2221 3062 2486 3123 homines

690 3187 977 3253 instincti,
1026 3185 1303 3246 imitando
1342 3175 1715 3243 delectantur.
1765 3181 2047 3240 Praeterea
2083 3178 2298 3239 scimus
2336 3175 2488 3256 apud

758 3413 772 3437 ¹
811 3408 1053 3459 Meineck.
1105 3367 1301 3472 Fragm.
1345 3406 1483 3455 Com.
1528 3404 1685 3453 Graec.
1721 3401 1776 3450 V.
1802 3401 1851 3461 l,
1889 3414 1940 3463 p.
1983 3400 2046 3447 ’18
2087 3411 2154 3448 33.
2193 3397 2392 3460 Grysar.
2419 3393 2491 3443 De

689 3496 916 3548 Doriens.
944 3495 1168 3546 Comoed.
1198 3502 1378 3558 quaest.
